2414 3105
182 123 250 187 04

179 153 209 165 a

177 208 334 253 Flagrans
348 231 356 246 ‚
377 205 546 245 Virtutis,
567 205 715 250 reffique
736 208 913 242 avidiffima
933 205 1010 243 faeti
1023 233 1032 248 ‚

177 262 282 301 Quam
297 256 459 290 summum
472 259 538 291 Ens
548 257 672 290 constat
684 260 783 291 rebus
792 258 893 304 magis
902 260 1059 293 omnibus
1074 268 1178 292 unum

173 309 378 343 Post-habito
401 305 531 340 coluiffe
552 304 725 340 solo.·hoc
751 312 855 342 totius
879 312 973 342 orbis

176 356 399 399 Principium,
420 357 483 389 hoc
502 353 670 395 fulcrum,
691 356 756 389 hoc
778 357 876 390 finem
901 356 1098 391 mortalibus
1119 357 1179 390 effe

174 409 289 450 (Sacri
312 406 408 439 docta
432 405 534 446 libri)
558 403 684 448 semper
705 409 881 448 tenuitque
900 415 1076 449 tenetque:

174 459 351 491 AEternum
369 453 512 489 sedenim
531 458 564 488 in
586 455 686 488 Coelis
707 457 843 489 existere
867 457 1001 489 Numen
1021 479 1031 494 ,

177 506 327 540 Credidit
345 502 449 547 usque
466 528 475 543 ‚
494 508 579 549 regit
599 505 689 546 quod
711 505 872 538 mundum
893 508 923 538 δι
943 504 1054 548 sydera
1073 503 1157 538 Coeli
1171 528 1180 542 ‚

176 557 256 589 Hoc
274 553 404 598 populis
423 553 548 587 cunctis
567 556 760 595 verboque,
778 557 956 596 animoque
980 553 1180 593 colendum,

176 606 227 639 'Ut
247 614 372 638 veteres
396 601 501 636 fecere
518 604 650 643 Patres,
672 604 712 636 sic
731 602 804 645 jura
821 603 947 645 jubere.

176 655 218 687 ld
237 652 360 688 faciens
374 675 384 692 ‚
409 650 617 697 virtutisque
637 655 780 697 antiqu-te
809 652 927 686 aemula
949 651 1052 686 servat
1065 675 1076 692 ,

176 705 276 745 Quod
296 706 420 747 primus
438 701 557 735 Christi
577 701 719 746 populus
738 699 876 736 servavit
897 702 1080 735 honestum.
1114 736 1117 738 ,

179 753 280 788 Dona
303 752 498 785 recordatur
520 752 606 786 Coeli
619 775 628 791 ‚
645 751 875 794 Super-umque
895 749 1024 786 favores

178 803 254 837 Fixi
273 803 398 834 haerent
418 803 530 833 animo
547 808 676 834 :manet
698 797 763 833 alta
783 811 892 834 mente
914 801 1059 844 repostus

179 852 328 886 Grandis
350 861 444 882 amor
459 848 578 883 Christi
599 849 822 894 humantequc
841 848 1045 893 Redemptio
1065 853 1181 896 gentis.

177 901 242 936 iiis
263 898 394 934 accensa
417 897 509 941 super
531 899 710 933 meditatur
737 899 871 942 pestere
891 908 984 937 toto,

179 952 247 992 Qui
275 957 390 986 natus,
415 946 561 992 spretus,
580 948 701 991 pamm,
728 947 904 982 crucifixus
928 947 1034 987 Iesus,

178 1003 303 1044 Sit-pius
324 1001 353 1032 δι
377 996 536 1031 meditans
556 995 714 1041 lacrymis
734 1000 774 1031 sic
794 995 878 1031 fatur
899 998 1048 1035 obortis;

181 1054 296 1084 Tanta·
321 1045 418 1082 molis
438 1055 506 1080 erat
526 1045 699 1081 mortalem
718 1045 843 1080 solvere
860 1049 1009 1092 gentem!

180 1104 233 1134 Sic
255 1102 311 1134 vix
332 1098 349 1131 ὲ
370 1099 466 1129 terris
486 1095 626 1130 coelestia
647 1099 681 1129 in
703 1099 783 1130 atria
802 1097 873 1131 fixit

182 1151 341 1184 Mentem
360 1148 389 1179 &a
413 1156 470 1179 cor
483 1169 491 1184 ‚
511 1142 693 1191 dignosque
716 1147 789 1179 Deo
808 1144 964 1189 persolvit
983 1147 1126 1180 honores
1139 1168 1150 1185 ‚

182 1197 298 1240 Quum
323 1197 416 1230 Deus
429 1219 438 1234 ‚
456 1195 600 1229 officium
619 1194 710 1239 large
733 1195 899 1229 mediocre
919 1197 1103 1239 rependens

180 1250 268 1282 IIaec
288 1245 396 1280 lecum
415 1257 422 1278 ι
439 1254 508 1277 non
538 1242 616 1277 huic
638 1255 711 1278 mea
731 1247 859 1280 mittam
881 1256 1016 1279 munera
1034 1243 1161 1287 Stirpi?

180 1299 267 1332 Non
292 1294 420 1340 cupiam
445 1294 588 1328 aethereo
610 1294 837 1328 WELLENS
859 1293 999 1338 implere
1020 1291 1161 1332 favore?

181 1345 337 1390 Implebo
360 1344 473 1381 certo:
489 1345 653 1379 meruitne
675 1345 843 1378 Abramus
861 1343 895 1376 in
917 1344 1022 1379 Astris

180 1395 375 1432 Promissiim
395 1390 521 1426 censere
544 1402 666 1438 genus,
689 1391 841 1433 Coelique
863 1390 990 1425 favores

181 1444 342 1482 Numinis
365 1445 408 1475 ob
429 1440 496 1477 veri
521 1451 636 1478 verum
663 1439 880 1486 cultumque,
902 1441 1093 1482 fidemque?

182 1496 270 1529 Hace
292 1502 444 1537 quoque,
470 1501 544 1532 quae
568 1488 672 1524 servat
692 1499 816 1526 natur-tt·
839 1490 933 1532 jura,
959 1498 1138 1531 meumque

185 1546 230 1581 Et
249 1543 363 1587 juss'um
389 1544 419 1574 &
440 1539 529 1585 lege-s
550 1547 622 1572 toto
643 1550 719 1572 cum
742 1540 841 1574 corde
854 1563 863 1578 ,
883 1537 1014 1576 favores

182 1594 337 1637 Accipiet
353 1589 448 1625 Coeli.
479 1590 562 1630 Quis
582 1598 634 1620 me
654 1586 835 1626 ferventius
860 1590 958 1622 oret?

181 1646 257 1680 Aut
279 1640 351 1685 quis
375 1649 441 1675 tam
463 1636 602 1684 supplex
623 1640 701 1674 Aris
723 1641 871 1682 imponat
890 1639 1079 1672 honorem?

185 1692 278 1726 Talia
298 1690 489 1725 munificum
511 1690 646 1723 Numen
668 1685 727 1721 sub
755 1689 887 1731 pectore
912 1687 1041 1722 versans

185 1743 366 1775 Bonorum
389 1738 525 1783 pandit,
547 1736 621 1771 loca
642 1735 737 1781 plena
758 1735 928 1771 favoribus
942 1760 950 1775 ‚
973 1746 1072 1769 arcas.

188 1793 256 1825 Hic
277 1789 325 1824 vi's
349 1788 494 1822 tethereo
514 1785 679 1831 expellens
705 1786 923 1823 medicamine
944 1787 1081 1820 morbos
1094 1808 1104 1825 ,

189 1842 258 1875 1110
276 1843 320 1873 est
338 1836 430 1872 fonte
449 1839 552 1871 fluens
572 1836 664 1883 largo
685 1837 875 1875 benedictio
897 1845 989 1869 terrae
1006 1859 1015 1875 ‚

193 1888 267 1922 Illic
286 1885 478 1923 confortans
497 1886 675 1925 humanam
691 1885 794 1932 gratia
818 1894 973 1919 mentem.

189 1940 241 1973 Ni
260 1936 357 1972 faciat
370 1960 378 1976 ‚
397 1934 584 1976 succumbit
605 1936 706 1969 homo
720 1960 729 1975 ‚
749 1936 922 1979 perditque
946 1932 1081 1973 salutem
1097 1958 1106 1973 ‚

191 1988 322 2032 Quippe
344 1987 449 2024 Caro,
473 1986 646 2024 Mundus,
665 1985 831 2022 Doemon,
855 1982 1042 2018 fortissimus
1066 1982 1166 2017 hostis

194 2040 368 2082 Deprimat
388 2035 448 2068 hfie
468 2033 638 2074 hominem
661 2044 802 2067 vacuum
816 2058 824 2072 ,
847 2033 1064 2075 involvat-que
1086 2032 1193 2071 ruina,

192 2088 255 2121 Sed
280 2089 374 2125 Pater
395 2086 614 2133 Omnipotens
634 2082 754 2116 eoelesti
773 2086 876 2121 mittit
899 2085 939 2115 ab
962 2093 1019 2115 ora

195 2138 274 2175 Hoc
287 2160 296 2175 ,
310 2142 478 2172 metuens,
492 2141 703 2174 mentemque
724 2134 755 2165 St
769 2132 881 2175 pec‘tus
894 2130 1028 2165 'robore
1049 2130 1194 2175 complet

193 2183 340 2218 infracto
361 2180 576 2225 :Geniosque
596 2190 707 2220 tenet,
729 2181 786 2226 qui
812 2182 958 2223 pondere
974 2179 1060 2223 justo

197 2237 243 2273 lit
262 2232 345 2273 ferre
367 2235 398 2272 δι,
420 2233 497 2271 dare
519 2239 687 2269 noverunt
712 2229 851 2264 coelestia
873 2231 972 2266 dona.

200 2285 256 2318 Ad
278 2292 360 2324 quos
379 2290 449 2315 tum
463 2283 598 2319 Numen
619 2280 774 2313 mandans
794 2281 843 2314 his
862 2278 1001 2313 vocibus
1020 2277 1112 2311 usum
1130 2280 1194 2312 est:

201 2335 290 2372 Servi
306 2335 404 2372 (nam
422 2333 517 2365 vobis
538 2330 663 2368 Divum
684 2331 777 2364 Pater
794 2337 894 2372 atque
914 2328 1089 2363 hominum
1105 2330 1197 2362 Rex:

200 2383 302 2417 Dona
320 2384 349 2413 &
369 2377 453 2413 serre
473 2380 546 2414 dedi
567 2384 597 2414 81
620 2382 695 2414 dare
718 2388 828 2424 egenae
850 2377 962 2415 cot-lica
982 2386 1074 2411 terrte
1091 2381 1107 2419 )

203 2430 305 2472 Stirps
324 2430 443 2468 devota
464 2430 544 2464 mihi
566 2439 726 2470 terrarum
747 2427 837 2473 degit
859 2427 892 2461 in
916 2430 1018 2466 orbe,

203 2481 310 2522 Leges
330 2478 428 2511 corde
449 2475 556 2511 ferens
576 2479 660 2513 Coeli
673 2502 682 2517 ‚
701 2476 904 2519 superosque
927 2476 1115 2510 celebrans:

204 2527 340 2562 Nectite
362 2537 439 2559 mox
462 2528 527 2561 alas
546 2531 575 2561 ἃ
596 2527 713 2561 nubila
733 2525 868 2560 scindite
886 2529 1019 2568 pennis,

207 2580 398 2612 Amisusim
417 2576 534 2618 petite,
553 2581 583 2610 St
606 2577 807 2611 WELLEN
816 2576 887 2608 AM
909 2576 997 2608 vifite
1015 2577 1166 2619 Stirpemv
1181 2572 1189 2581 “

207 2629 288 2660 Sunt
307 2625 384 2664 mhi
406 2625 560 2664 mortales
580 2625 737 2664 immensa
762 2627 892 2663 beantia
912 2626 1020 2663 dona,

679 100 1003 187 Algemeyne
1047 101 1438 186 Verzamelinge
1476 105 1566 167 der
1604 103 1831 168 lVerlcen

1247 207 1339 242 Huic
1360 220 1505 251 quorum
1524 220 1649 255 partem
1673 208 1882 244 numerosam
1907 209 2025 245 tradite
2045 210 2172 254 Stirpi,

1247 260 1370 292 Omnes
1389 270 1448 302 pro
1470 265 1568 294 tantis
1590 271 1628 294 ut
1646 262 1681 294 fit
1704 262 1896 294 Virtutibus
1916 270 2022 293 annos

1246 306 1357 344 Felix,
1372 311 1402 341 &
1425 311 1500 342 flatu
1521 307 1665 344 fortunae
1690 319 1804 343 utatur
1826 310 1943 343 amico.

1232 357 1334 389 Haec
1356 358 1473 391 contr&
1492 358 1595 392 Genii
1613 372 1620 392 :
1640 362 1715 394 Rex
1735 362 1763 392 O
1781 361 1936 397 AEterne,
1958 358 2040 404 quid
2061 368 2179 402 optes,

1248 406 1432 449 Explorate
1456 416 1569 446 tuum,
1593 419 1654 442 nos
1671 409 1750 451 juss'a
1772 410 1930 452 capess'ere
1953 407 2000 442 fas
2025 410 2078 441 est.

1248 457 1299 487 Tu
1325 455 1422 490 nobis
1444 459 1684 501 quodcumque
1708 461 1865 498 bonum,
1884 467 1921 492 tu
1944 469 2044 504 regna
2071 456 2229 491 Polorum

1249 505 1394 549 Largiris
1409 529 1418 543 ‚
1443 514 1477 538 tu
1496 508 1553 539 das
1573 506 1674 549 epulis
1697 510 1894 542 accumbere
1915 508 2043 542 Divum
2059 530 2067 544 ·

1249 555 1467 596 Humanique
1492 552 1722 595 semissem-dis,
1743 556 1929 599 mentisque
1952 564 2116 600 potentes.

1252 604 1339 638 Haec
1362 606 1421 641 ubi
1439 605 1524 638 dieta
1537 628 1547 644 ‚
1565 605 1671 638 statim
1694 609 1854 639 connexis
1874 610 1946 640 aera
1965 606 2082 650 pennis

1250 651 1433 691 scindunt,
1455 655 1711 694 ANVERsAMQUE
1733 654 1825 694 citis,
1843 655 1936 689 velut
1959 654 2089 701 agmine
2113 651 2219 692 fano,

1250 701 1469 736 Convolitant
1487 702 1547 736 alis
1562 726 1571 741 ‚
1589 706 1621 736 δι
1644 703 1785 747 Stirpem
1807 714 1944 738 munere
1964 703 2131 748 complent

1250 749 1536 786 WELLENAM
1556 753 1701 786 :ethereo
1723 765 1730 786 ι
1751 753 1934 788 circumdat
1956 756 2062 799 gratia
2079 751 2165 785 Coeli

1251 802 1372 834 Omnes
1391 804 1422 834 δι
1444 809 1559 837 contra
1578 800 1728 847 quemvis
1751 804 1949 838 corroborat
1973 802 2109 835 hostem.

1252 849 1420 892 Adjicitur
1442 848 1602 894 fortisque
1621 849 1716 886 favor
1728 875 1738 891 ‚
1765 850 1985 893 cumulusque
2002 853 2198 890 bonorun1·‚

1252 897 1398 933 Infusum
1419 903 1554 945 ingenio
1577 900 1689 934 lumen
1718 910 1933 943 mentemque
1956 899 2165 943 animamque

1252 951 1323 983 Res
1347 950 1446 983 docet
1466 949 1645 991 abstrusus,
1669 953 1700 985 81
1719 948 1840 989 subtile
1862 949 2006 994 explicat
2029 958 2147 985 omne,

1253 996 1518 1041 Praesentemque
1539 1000 1633 1034 Viris
1652 1001 1822 1034 adducunt
1845 1001 1962 1034 euntia
1984 998 2127 1033 salutem.

1255 1047 1380 1082 Taliter
1401 1048 1417 1083 a
1437 1047 1533 1082 Coelo
1555 1050 1737 1085 benedistae
1764 1050 1907 1084 mundus
1930 1049 2075 1082 bonores

1256 1098 1334 1131 Fert
1355 1097 1480 1140 amplos
1499 1098 1619 1141 Stirpi,
1641 1097 1764 1140 suaque
1782 1098 1831 1132 illi
1853 1108 1990 1132 munera
2008 1099 2109 1132 donat
2125 1119 2135 1135 ‚

1256 1147 1427 1180 Laudibus
1445 1156 1607 1186 exornat,
1629 1146 1921 1193 titulos-largitur,
1941 1149 1971 1180 ὃ(
1994 1148 2084 1183 addit

1255 1195 1437 1229 Nobilium
1460 1198 1567 1229 turbae
1583 1220 1592 1234 ,
1609 1197 1819 1238 officiumque
1839 1195 1960 1230 exaltat
1979 1196 2019 1231 ad
2037 1205 2146 1228 omne.

1256 1246 1302 1278 Ili
1325 1246 1423 1279 Sacro
1445 1248 1478 1279 in
1498 1245 1597 1281 Clero
1620 1242 1747 1292 fulgen't
1760 1269 1769 1284 ‚
1789 1247 1849 1280 hos
1868 1246 1961 1278 Ordo
1979 1246 2113 1279 decorat

1256 1295 1346 1328 Inter
1368 1295 1544 1339 Magnates
1564 1294 1669 1328 laicus
1686 1308 1692 1328 :
1708 1297 1811 1338 Stirps
1831 1292 1960 1339 fulgida
1980 1302 2062 1331 tota.

1256 1342 1387 1377 Interea
1409 1344 1537 1388 Magno
1556 1347 1696 1387 Stirpem
1720 1342 1851 1389 fulgere
1873 1345 2016 1382 decore,

1257 1390 1460 1434 Emiss‘osque
1480 1392 1561 1427 l'olo
1585 1391 1675 1427 sensit
1693 1393 1823 1426 Lucina
1848 1390 1975 1426 favores
1988 1416 1998 1432 ,

1256 1442 1302 1475 Et
1324 1441 1397 1474 data
1415 1443 1502 1476 dona
1524 1440 1595 1475 solo
1610 1455 1616 1475 :
1631 1450 1684 1476 tot
1704 1443 1800 1476 donis
1821 1442 1940 1476 addere
1961 1443 2048 1474 dona

1257 1491 1389 1527 Ardens
1412 1490 1584 1534 perpendit
1603 1491 1743 1534 Stirpem
1759 1504 1765 1523 :
1781 1489 1900 1524 dehinc
1927 1488 2003 1526 talia
2025 1487 2135 1524 fatur:

1257 1541 1383 1572 Tantos
1400 1539 1465 1582 jam
1487 1540 1613 1576 Rector
1629 1539 1792 1584 Superum
1808 1563 1816 1578 ,
1833 1539 1899 1582 jam
1921 1549 2006 1573 terra
2028 1535 2155 1575 favores

1257 1591 1357 1632 Stirpi
1377 1590 1626 1624 WELLENAE
1644 1591 1753 1630 dedit,
1773 1592 1804 1622 δι
1822 1597 1872 1622 tot
1890 1589 2079 1625 honoribus
2094 1586 2210 1623 auxit?

1258 1639 1341 1672 Non
1365 1650 1427 1684 ego
1448 1637 1607 1672 confimili
1627 1640 1716 1672 dono
1734 1638 1850 1673 ditabo
1873 1646 2052 1672 merentem
2073 1639 2087 1671 Ρ

1259 1688 1310 1720 Ito
1325 1712 1334 1726 ‚
1357 1685 1470 1727 favor,
1488 1685 1581 1721 favor
1595 1711 1604 1727 ‚
1623 1687 1671 1721 ito
1683 1712 1692 1727 ‚
1717 1699 1829 1728 meus,
1847 1688 1938 1730 juvat
1956 1687 2074 1720 addere
2094 1686 2191 1719 dona.

1260 1739 1312 1770 Sic
1334 1740 1400 1776 ait,
1423 1739 1453 1771 &
1478 1736 1618 1780 pulchra
1641 1735 1720 1771 facit
1739 1736 1829 1771 illam
1851 1736 1946 1781 prole
1965 1737 2161 1773 Parentem;

1260 1786 1518 1828 Conciliumque
1543 1785 1626 1830 petit
1648 1786 1776 1822 Divum
1791 1811 1800 1827 ,
1820 1784 2025 1831 Superofque
2048 1792 2222 1828 precatur,

1260 1835 1311 1868 Ut
1331 1833 1385 1868 sua
1407 1835 1533 1869 dilecta·
1555 1836 1670 1878 Stirpis
1689 1838 1768 1872 dent
1788 1846 1924 1871 munera
1942 1833 2041 1868 Proli.

1260 1886 1355 1917 Sacra
1373 1886 1508 1919 Themis
1528 1884 1620 1918 simul
1642 1889 1672 1918 &
1697 1887 1814 1919 doetus
1835 1896 1912 1919 cum
1937 1883 2065 1919 Pallade
2092 1883 2236 1914 Phoebus

1260 1932 1411 1971 ,Invisunt
1435 1943 1534 1970 cunas
1553 1936 1649 1968 Pueri
1666 1934 1820 1968 :Pietatis
1840 1930 1984 1968 &imorem

1261 1980 1448 2025 inspirant,
1474 1994 1675 2026 aequumque
1696 1985 1842 2023 docent,
1863 1990 2074 2023 mentemque
2096 1983 2211 2026 vigore

1262 2030 1400 2065 Insolito
1420 2032 1545 2078 ingenii
1566 2033 1691 2066 donant
1711 2035 1741 2065 St
1764 2042 1899 2065 munere
1923 2030 2114 2074 complent.

1263 2082 1317 2118 Ac
1336 2079 1460 2120 veluti,
1483 2082 1616 2123 quando
1638 2080 1775 2119 madidis
1793 2082 1906 2114 Notus
1926 2079 2037 2115 evolat
2060 2078 2118 2113 alis
2131 2103 2140 2114 .

1264 2129 1462 2164 Immensum
1483 2128 1580 2174 supra
1600 2139 1721 2165 terram
1742 2129 1828 2164 cadit
1847 2140 1963 2176 agmen
1983 2139 2140 2171 aquarum
2157 2151 2166 2166 ,

1265 2178 1316 2212 Sic
1337 2178 1494 2214 immensa
1516 2179 1608 2223 super
1634 2189 1784 2214 tenerum
1799 2202 1809 2219 ,
1831 2190 1905 2213 eum
1925 2177 2055 2217 Pallade
2073 2179 2214 2210 Phoebus

1263 2229 1438 2270 Postquam
1463 2232 1493 2262 &
1512 2232 1606 2263 Sacra
1630 2228 1764 2263 Themis
1783 2239 1882 2262 cunas
1904 2228 2009 2261 visC-re
2022 2252 2030 2266 ‚
2051 2226 2204 2262 Puellum

1266 2278 1410 2311 Munera
1433 2277 1505 2312 sunt
1525 2277 1620 2312 effusa
1640 2277 1743 2317 Polo,
1762 2277 1952 2320 dimissaque
1971 2278 2066 2311 dona.

1267 2325 1410 2364 Solliciti
1430 2327 1555 2368 Prolis‚
1577 2328 1741 2373 noctuque
1758 2326 1879 2369 diuque
1900 2329 2055 2361 Parentes

1267 2377 1482 2420 Suppeditant
1502 2379 1606 2410 Puero
1627 2378 1747 2411 divi.1ae
1770 2376 1893 2421 pabula
1913 2377 2004 2422 legis.

1269 2428 1415 2465 Annuus
1431 2425 1469 2459 tit
1488 2437 1615 2459 nonum
1634 2428 1733 2460 Titan
1755 2424 1946 2460 confecerat
1964 2428 2103 2465 orbem,

1270 2474 1412 2513 Elucere
1433 2473 1513 2509 foris
1535 2484 1705 2518 coeperunt
1726 2474 1841 2509 coelica
1863 2478 1974 2515 dona3

1272 2525 1348 2557 Hoc
1372 2526 1466 2558 Pater
1486 2524 1524 2558 ut
1547 2526 1646 2564 vidit,
1669 2536 1738 2566 quae
1761 2527 1820 2558 sint
1840 2523 2001 2571 collegia,
2022 2523 2143 2558 lustrat.

1270 2575 1324 2606 Est
1347 2573 1401 2614 hie
1414 2597 1423 2614 ‚
1443 2575 1570 2618 Virg0‚
1593 2573 1686 2607 locus
1699 2597 1708 2611 ,
1729 2576 1836 2608 media
1857 2577 1930 2608 situs
1954 2575 2048 2608 Urbe
2069 2574 2237 2616 (vetustas

1272 2622 1379 2656 Efficit
1401 2623 1582 2669 insignem)
1602 2634 1668 2668 quo
1691 2634 1741 2667 coi
1755 2626 1784 2658 ia
1803 2635 1919 2672 magna
1935 2624 2078 2668 juvent-te

1332 2691 1334 2693 -
2139 2671 2268 2704 Conve-
