2414 3105
194 133 262 173 10
650 101 974 188 Algemeyne
1013 100 1403 188 Verzamelinge
1431 106 1518 169 der
1548 104 1770 170 Werlcen

184 213 332 259 Ambigo
345 234 356 252 ‚
379 220 455 244 nam
475 210 616 246 dubium
635 215 754 258 quovis
774 215 807 246 in
825 210 954 246 tramite
978 219 1086 244 vatem
1247 210 1357 244 Corda
1382 211 1513 246 Domus
1531 223 1541 252 ς
1564 212 1691 248 cuneis
1709 212 1878 256 exemplar
1899 211 2012 247 nobile
2025 237 2034 254 ‚
2061 216 2091 248 δι
2111 217 2228 260 ingens

185 263 342 299 Distrahit
355 284 365 300 ‚
386 269 485 306 atque
508 260 658 304 inopem,
680 265 873 295 meritorum
900 263 993 303 copia
1012 259 1129 293 reddit.
1248 258 1417 293 Delicium
1430 284 1439 299 ,
1458 262 1551 303 cujus
1573 265 1751 297 candorem
1771 263 1804 296 in
1823 261 1936 297 fronte
1955 262 2117 308 legebant.

187 317 218 348 Si
239 317 341 356 pietas
356 333 366 349 ‚
387 312 408 343 fi
428 319 508 344 cana
526 311 623 349 fides,
646 312 667 344 si
691 310 823 356 cognita
844 311 984 347 Virtus,
1248 309 1351 352 Cujus
1377 312 1406 342 &
1427 309 1541 344 eximii
1563 310 1728 354 Responsa
1747 310 1866 345 diserta
1891 312 2042 357 Magistri

187 363 319 395 Candor
340 361 370 392 ὅτ
388 362 579 404 ingenium,
599 358 766 398 doctrina,
790 360 965 396 modestia,
986 366 1120 389 morum
1249 358 1453 391 Laudarunt.
1478 359 1650 398 Tirenum,
1672 370 1752 405 quas
1774 363 1869 394 Sacra
1892 360 2043 394 Licentia
2066 359 2195 405 poscit,

188 409 324 447 Gratia,
339 411 370 441 δι
392 408 581 454 integritas,
602 419 664 441 nec
687 418 754 440 non
776 409 956 440 constantia
978 406 1099 439 Cordis
1251 405 1441 440 Solventem
1463 409 1572 440 nodos
1592 411 1622 442 &
1638 410 1806 456 Dogmata
1831 420 1907 443 vera
1931 418 2104 451 tuentem3

185 457 369 493 Consediffe
391 467 537 502 unquam
556 465 738 500 potuerunt
761 457 892 499 pestore
916 460 948 489 in
971 465 1039 487 uno
1063 481 1066 483 >
1249 454 1351 488 Illum
1370 465 1486 489 omnes
1502 457 1615 501 grudii
1625 462 1746 501 pariter
1771 462 1934 492 mirantur
1954 458 2116 498 Ahmmi,

188 510 227 542 In
248 517 278 542 te
302 517 370 541 uno
391 508 544 545 resident,
565 505 741 550 sedemque
760 505 876 539 locass'e
896 505 1062 540 videntur.
1246 504 1444 550 Jacs'tantque
1464 505 1636 539 unanimes
1659 509 1698 541 ad
1719 509 1860 553 grandia·
1876 511 1987 541 munia
2007 517 2133 542 natum.

189 559 316 601 Sylvius
340 555 530 598 obstupuit,
547 555 793 588 demirabantur
814 553 973 592 Alumni,
1251 554 1342 598 Ergo
1366 550 1555 588 Profefforis
1576 554 1640 597 jam
1665 555 1741 590 sede
1768 565 1902 590 vacante
1926 561 2057 590 vocaris

190 605 395 648 <Majorana
416 605 545 637 Domus
559 612 641 648 quot
663 603 788 644 habet)
809 602 1033 646 pulcherrima
1050 601 1170 642 Dona,
1252 603 1471 635 Promeritam
1485 604 1524 636 ad
1535 604 1730 638 Cathedram
1743 603 2253 650 dignussuccedereBruynincx,

190 656 378 688 Doctorum
399 651 485 686 sacra
505 651 597 686 simul
618 652 799 685 admirante
818 652 961 684 Corona.
1002 694 1004 697 ι
1252 652 1300 683 Te
1322 649 1400 683 licet
1419 650 1559 684 invitum
1581 652 1682 686 Falco
1705 655 1839 688 lVeIIene
1863 658 1995 688 vocavit
2009 678 2020 695 ,

189 705 227 738 In
247 703 380 745 Majore
402 703 514 735 Domo
537 700 601 735 visa
625 703 670 734 est
691 700 847 734 industria
869 700 1004 743 Major,
1030 706 1036 712 ·
1253 698 1341 741 Saepe
1359 699 1511 732 recusasti
1525 723 1533 738 ‚
1554 702 1684 734 tandem
1706 702 1751 735 ob
1772 703 1924 736 Falconis
1944 703 2106 737 honorem

189 753 304 795 Majus
325 754 355 784 ὅτ
376 750 543 796 ingenium
568 753 674 794 viguit
699 748 758 783 sub
781 750 913 782 Praeside
936 751 1064 795 Magno
1253 747 1393 790 Suscipis
1414 747 1564 781 oblatum
1586 749 1745 793 generoso
1769 752 1900 792 pectore
1919 754 2052 794 pondus

189 802 385 845 Entheaque
410 799 427 832 a
448 798 551 832 Cunis
576 797 659 832 celso
682 798 729 832 vis
750 801 840 832 insita
863 797 963 830 Cordi
1254 797 1366 830 Natus
1385 797 1423 829 ad
1443 797 1590 842 egregios
1607 796 1682 831 usus
1702 797 1857 844 curasque
1877 801 2031 835 docendi.

190 850 319 884 Clarior
342 851 482 882 eminuit
505 847 678 892 studiisque
699 845 829 881 incensa
851 848 981 890 cupidO.
1254 846 1362 878 Invita
1380 845 1522 879 invitum
1545 854 1578 879 te
1600 846 1774 889 Majorana
1793 847 1951 892 relinquit

189 900 332 934 Evectus
350 900 453 931 Sacrae
470 900 526 932 vix
545 898 780 930 Baccalaureus
796 899 886 929 Artis
1254 895 1340 927 Tota
1360 895 1507 933 Domus,
1530 895 1645 929 nostris
1665 894 1800 930 discedis
1821 896 1862 930 ab
1882 897 2006 929 aedibus
2023 897 2130 942 aegre,

191 949 245 983 Fit
265 949 358 981 Prior
385 947 568 984 Hullarum,
593 955 746 990 magnum
765 947 796 977 δι
816 943 980 979 laudabile
1002 954 1123 978 munus
1253 941 1404 984 Quilibet
1426 944 1572 977 amissum
1592 944 1683 979 dolet
1703 948 1734 978 &
1755 947 1817 978 sine
1836 947 1898 978 fine
1916 944 2063 984 dolebit,

191 999 322 1043 Ingenti
345 1005 420 1029 cum
441 993 537 1028 laude
556 1004 695 1039 gerens,
720 994 866 1027 Atlantis
891 995 1030 1027 adinstar
1252 991 1449 1036 Quanquam
1474 992 1548 1026 laeta
1570 991 1658 1028 favet
1683 991 1795 1027 faustis
1816 995 1988 1040 gratissima
2012 994 2126 1038 coeptis

190 1045 322 1079 Molem
341 1041 530 1077 immensam
552 1044 698 1076 humeris
718 1046 748 1076 ἐξ
772 1043 827 1076 vix
849 1040 1032 1086 superabile
1054 1042 1186 1085 pondus
1254 1041 1483 1086 Grataturque
1507 1042 1567 1075 tibi
1593 1042 1718 1089 magnis
1736 1041 1927 1076 succeffibus
1949 1053 2040 1087 acqua
2062 1056 2069 1076 τ

190 1092 367 1128 Exantlare
392 1100 518 1134 potens.
550 1091 684 1125 Meritis
702 1090 875 1136 studiisque
894 1091 1040 1134 probatis
1252 1090 1329 1123 Hoc
1350 1090 1448 1123 habet
1471 1090 1504 1123 in
1523 1095 1629 1130 votis,
1650 1095 1738 1126 vivas
1760 1092 1958 1135 Yenerande
1979 1089 2165 1132 Professor,

190 1144 333 1176 Praefidis
355 1143 475 1174 Eximil
498 1139 555 1173 sibi
581 1139 773 1174 conciliavit
793 1150 956 1180 amorem,
1253 1138 1385 1184 Pergito
1406 1138 1582 1173 Falconem
1600 1140 1718 1174 Primis
1739 1141 1893 1174 decorare
1912 1142 2103 1184 Triumphis
2119 1163 2131 1182 ‚

191 1192 465 1237 Cunctorumque
486 1193 612 1223 animos
634 1199 672 1223 ac
694 1189 923 1224 devinctiffima
941 1199 1067 1235 magnae
1254 1189 1299 1222 Et
1320 1187 1517 1236 Majoranos
1536 1191 1639 1235 magis
1660 1188 1820 1223 illustrare
1839 1191 1986 1223 Penates.

978 1256 1002 1286 C
1033 1257 1064 1285 H
1094 1254 1179 1285 Ro
1209 1254 1242 1285 N
1273 1255 1287 1284 I
1318 1254 1397 1285 CO
1429 1255 1469 1285 N.

721 1319 1054 1354 FALCONEM
1104 1319 1421 1352 DzCortARr.
1469 1319 1735 1352 PERGITO.

1134 1389 1262 1433 Magna
1285 1389 1380 1421 aeDes
1407 1387 1481 1420 haeC
1507 1387 1596 1420 Laeta
1624 1388 1735 1421 CanIt.

196 1456 760 1552 fflw—
935 1457 937 1459 ’
1107 1464 1489 1531 ἑὲᾶεέῤ
1947 1510 1950 1514 .
2103 1450 2246 1540 Q

197 1570 381 1607 Praenobili,
401 1569 585 1601 Reverendo
605 1568 763 1600 admodum
780 1577 816 1597 ac
831 1566 999 1608 Dofflffimo
1020 1565 1179 1603 Domino,
1200 1565 1337 1596 Domino
1350 1561 1535 1606 JACOBO
1562 1561 1754 1594 THOMAE
1771 1561 1984 1605 JOSEPHO
2010 1560 2260 1599 WELLENS‚

245 1617 486 1662 Antverpierzfi‚
506 1617 609 1649 Sacrae
627 1616 777 1648 Romanae
798 1614 944 1657 Ecclesiae
961 1615 1124 1651 Dracone,
1140 1612 1266 1656 insignis
1286 1612 1375 1644 Eccl.
1389 1611 1465 1644 Coll.
1486 1612 1516 1642 S.
1530 1612 1642 1655 Jucobz'
1656 1611 1841 1653 sintverpice
1863 1610 2018 1642 Canonz‘co
2036 1610 2068 1640 S.
2085 1609 2256 1652 Theologiae

244 1668 458 1700 Baccalaureo
473 1668 627 1708 formato,
640 1667 670 1696 in
684 1665 875 1697 celeberrimo
890 1664 1075 1706 Paedagogio
1096 1660 1334 1693 FALCONIS
1345 1683 1355 1698 ‚
1374 1661 1522 1702 quondam
1542 1663 1572 1692 in
1586 1661 1721 1692 Artibus
1744 1658 1908 1692 PRIMO
1929 1658 2071 1692 Omnium
2093 1660 2170 1690 votis
2190 1659 2258 1691 Re-

245 1719 385 1749 nuntiato
409 1726 488 1748 nunc
509 1716 638 1758 ejusdem
660 1712 842 1757 Paedagogii
867 1712 1037 1756 Profefflm'
1056 1710 1261 1755 Digniffimo,
1279 1710 1403 1742 Recens
1425 1709 1511 1742 elecro
1528 1711 1578 1753 dle
1610 1718 1646 1750 17
1670 1708 1757 1740 Maii
1784 1716 1882 1750 1751.

201 1785 360 1868 FAlco
385 1826 581 1863 Profcffores
604 1830 618 1869 <
630 1837 713 1872 quos
737 1825 824 1860 clara
846 1824 1029 1869 Antverpia
1052 1826 1166 1860 Mater
1307 1827 1497 1868 Bruym‘ncx
1516 1821 1675 1857 :Falconi
1699 1820 1821 1865 semper
1841 1823 1977 1856 amanda
1999 1821 2101 1856 Trias.

246 1878 413 1920 Protulit)
430 1882 463 1912 in
487 1876 571 1910 fastis
590 1878 739 1909 Nomina
756 1876 840 1909 trina
859 1874 950 1920 legit.
1259 1875 1380 1908 Moesta
1401 1873 1480 1907 licet
1498 1871 1585 1906 luxit
1606 1895 1616 1910 ,
1639 1875 1828 1915 Bruynincx
1854 1873 1994 1905 abeunte
2007 1894 2016 1910 ‚
2036 1871 2208 1913 Volneret,

197 1929 326 1972 Inclyta
349 1929 553 1972 Magnorum
574 1923 653 1958 sunt'
672 1926 822 1958 Nomina
841 1923 926 1957 trina
946 1923 1108 1958 Virorum
1312 1922 1507 1964 Arzverfique
1529 1921 1620 1954 simul
1644 1919 1847 1954 condoluere
1871 1922 1977 1964 Sophi.

249 1977 411 2021 Undique
431 1974 506 2009 sunt
525 1974 659 2007 Meritis
679 1973 908 2007 concelebrata
928 1971 1002 2013 suis.
1261 1972 1366 2005 Nunc
1390 1971 1508 2004 hilares
1528 1973 1655 2015 animos
1678 1969 1800 2004 iterum
1821 1968 1996 2014 vultusque
2015 1968 2206 2010 resumunt,

199 2027 318 2071 Aspice
343 2025 453 2059 felices
472 2023 551 2057 felix
574 2025 755 2066 Antverpia
774 2024 899 2057 Natos!
1311 2022 1466 2064 Festaque
1482 2019 1548 2061 jam
1571 2017 1668 2053 solito
1690 2020 1843 2052 Carmina
1866 2029 1958 2051 more
1984 2027 2118 2052 canunt.

250 2075 336 2109 Olim
364 2076 423 2115 (hi
443 2072 611 2117 posteritas
627 2083 708 2116 quos
731 2076 933 2114 veneretur)
956 2080 1063 2106 erunt.
1260 2070 1347 2104 Ecce
1369 2066 1588 2101 Profess'orum
1612 2070 1808 2102 Wrrrruus
1825 2076 1941 2112 quarta
1964 2066 2109 2113 refulget

200 2126 272 2160 Hos
291 2124 374 2157 inter
393 2124 560 2169 quondam
584 2121 721 2155 celebris
738 2122 922 2154 Suellarritrs
943 2132 1030 2155 unus
1310 2117 1427 2152 Gloria
1445 2116 1602 2155 Falconi,
1622 2116 1727 2162 gloria
1749 2118 1855 2150 Prima
1874 2116 1997 2159 Sophis.

251 2173 436 2212 Extiterat‚
458 2172 551 2214 cujus
569 2169 735 2213 splendida
754 2167 839 2202 fama
855 2170 953 2216 viget.
1258 2166 1389 2201 Nubila
1413 2167 1481 2209 post
1504 2176 1615 2199 rerum
1636 2176 1720 2210 quos
1744 2164 1851 2199 laetior
1872 2176 1950 2198 aura
1970 2168 2131 2205 Serenat‚

201 2223 317 2257 Gratia
335 2224 371 2254 sit
389 2224 538 2264 Superis:
555 2222 588 2252 in
609 2223 692 2253 vivis
714 2219 790 2253 bina
809 2217 979 2262 supersunt
1313 2218 1392 2257 Quae
1413 2216 1606 2248 Cathedram
1625 2216 1732 2248 dociae
1752 2213 1931 2248 laetificabit
1953 2218 2047 2247 Avis.

252 2271 399 2305 Nomina
412 2295 420 2309 ‚
441 2272 479 2304 de
499 2268 639 2302 Publico
660 2279 733 2313 quae
752 2268 900 2302 meruere
921 2270 1023 2302 Bono.
1262 2266 1442 2301 WELLENO
1461 2266 1618 2298 redeunte
1631 2289 1639 2303 ‚
1658 2274 1763 2298 novos
1785 2267 1872 2297 canit
1895 2262 2039 2305 inclytus
2062 2261 2143 2296 Ales

203 2322 296 2355 Nota
319 2328 427 2352 manet
453 2319 599 2362 probitas
622 2320 651 2351 δε
672 2320 933 2361 Magermannica
955 2319 1096 2358 Virtus,
1311 2311 1445 2347 Plausus
1466 2324 1540 2346 nam
1562 2313 1681 2347 victrix
1702 2314 1767 2346 hoc
1793 2313 1888 2345 Duce
1911 2310 2018 2344 Palma
2041 2315 2137 2345 viret.

254 2368 456 2401 Falconensis
479 2378 571 2401 amor
594 2375 722 2410 tempus
741 2369 774 2399 in
793 2377 891 2400 omne
914 2377 1040 2411 manet.⁴
1263 2361 1359 2399 Illius
1380 2360 1535 2395 foecunda
1558 2364 1677 2396 Parens
1699 2361 1880 2403 Antverpia
1901 2358 2041 2403 plaude,

206 2419 376 2462 Magnificr'
404 2419 540 2450 Refffuris
559 2427 644 2448 onus
667 2413 744 2448 dum
762 2413 842 2458 saepe
860 2417 1019 2461 gerebat,
1316 2413 1414 2445 Lecsta
1434 2411 1526 2444 velut
1546 2413 1671 2455 Sophiae
1690 2410 1817 2453 plaudit
1835 2409 1958 2453 ubique
1976 2408 2114 2442 Cohors.

255 2467 373 2499 Gestiit
393 2464 489 2498 Alma
509 2475 623 2508 parens
643 2464 707 2498 hoc
727 2465 918 2497 moderante
940 2464 1035 2498 Viro.
1265 2460 1326 2495 Ille
1346 2458 1507 2494 Professor
1529 2461 1634 2501 adest,
1656 2470 1723 2505 quo
1748 2469 1815 2492 non
1840 2460 1883 2492 est
1906 2457 2037 2503 dignior
2062 2456 2172 2492 alter?

203 2514 379 2559 lvonisque
406 2515 533 2547 Domus
555 2514 646 2558 gestit
668 2512 728 2547 sub
753 2515 885 2547 Praeflde
910 2521 1001 2546 tanto
1015 2537 1026 2555 ‚
1315 2511 1486 2544 Doctrina:
1510 2509 1617 2543 clarus
1637 2511 1778 2543 Lumine
1801 2517 1936 2553 quartus
1959 2507 2054 2540 adest.

254 2565 342 2597 Laeta
364 2565 581 2607 rihger-manni
602 2565 732 2596 Nomen
754 2565 787 2596 in
810 2572 866 2595 ore
888 2567 982 2607 gerit.
1266 2562 1305 2596 In
1330 2559 1399 2593 solo
1419 2562 1544 2606 ¹anrto
1567 2562 1727 2592 Trinorum
1753 2558 1838 2591 dona
1866 2555 2016 2590 relucent

207 2615 331 2648 Tertius
350 2614 479 2646 ornavit
499 2611 649 2648 Falconis
669 2613 752 2646 tetta
771 2610 931 2648 Profeffor
1317 2611 1436 2646 Omnia
1454 2613 1485 2646 &
1504 2608 1583 2644 hinc
1602 2609 1774 2647 WELLENs
1793 2606 1948 2644 omnibus
1966 2615 2052 2641 unus
2071 2613 2180 2650 amor..
