2414 3105
709 161 896 222 quarta
951 149 1007 205 in
1064 144 1217 230 Festo
1273 149 1613 234 Pentecostes.

131 241 296 275 scaciffimae
328 242 532 274 satisfaffionis
558 241 693 274 obtinere
714 243 836 276 vicem;
863 243 892 273 &
914 244 931 273 fi
953 244 1026 282 quid
1052 245 1132 276 sorte

115 284 226 313 -adhuc
248 284 364 323 superfit
385 284 554 313 diluendum
569 305 577 316 ‚
601 282 692 312 diluet
723 283 796 313 istud
822 283 931 313 summa
951 284 1021 320 illa,
1042 294 1130 323 quam

130 331 247 353 exercet
267 325 297 354 in
322 324 486 362 proximum
508 326 636 351 Charitas
651 331 717 361 quae
741 328 825 360 operit
851 325 1054 353 multitudinem
1063 337 1129 362 pec-

129 373 260 391 catorum.
281 364 331 400 (I.
357 363 418 392 Pet.
441 373 466 399 4.
487 374 493 394 )
517 361 653 399 Denique
676 362 747 400 quid
770 364 785 391 a
807 362 923 392 Divino
945 363 1068 394 ,Iudicio
1090 365 1130 394 ti-

130 410 206 431 meat
227 401 349 432 Zelator
369 402 528 431 animarum
542 400 594 435 ‚in
616 410 677 439 quo
698 401 836 433 Judicem
849 402 968 431 habebit
982 403 1126 433 Christum

130 440 223 478 Cujus
244 441 325 480 pavit
346 441 426 470 Oves
440 461 448 474 ,
470 440 562 477 Cujus
582 439 715 470 Gloriam
739 442 838 471 multis
860 441 980 471 adauxit
1002 442 1103 481 spoliis
1118 463 1127 477 ,

129 481 227 510 multis
248 480 400 510 illustravit
423 480 595 517 Triumphis
609 483 622 507 ‚2
645 480 723 509 Dum
746 481 775 510 in
793 481 948 511 Jouatham
971 484 1128 520 parabatur

129 520 232 550 mortis
262 519 398 549 sententia
412 539 421 554 ‚
444 520 563 556 eoquod
585 528 689 549 contra
712 520 839 558 Regium
862 520 958 550 Patris
980 521 1022 550 sui
1044 531 1126 551 man-

129 560 229 589 datum
250 560 403 598 paululum
431 560 522 588 mellis
551 558 680 595 gustasset
702 571 708 589 :
729 563 740 599 (
768 562 781 591 I
813 560 887 597 Reg.
912 567 956 596 14.
983 563 996 595 )
1020 564 1128 600 Ergone

129 602 268 629 Jonazlzas
289 602 438 632 morietur,
459 602 505 636 qui
520 599 594 634 ficit
609 601 730 634 sulutem
750 603 822 629 lianc
834 611 963 638 magnam
975 604 1003 629 itz
1018 603 1127 636 Israel?

127 641 178 666 1201:
196 639 278 673 nefizs
299 640 352 675 est,
376 638 492 667 dicebat
514 639 642 677 populus
664 641 698 667 ad
722 639 792 668 Saul
823 639 862 668 Et
876 648 929 669 nos
940 640 1127 677 putabimus,

128 676 273 706 Christum
303 677 488 707 addiaurum
518 678 605 707 morti
628 686 744 708 aeternae
773 679 918 708 Pastorem
933 698 941 712 ,
964 688 1051 716 quem
1074 689 1128 724 coff

127 715 220 745 medit
243 715 333 746 Zelus
348 716 471 747 Domini
489 727 496 749 ;
513 717 564 754 qui
586 727 641 756 pro
656 718 772 761 Ovibus
786 718 884 757 posuit
906 719 1055 754 animam„
1077 729 1129 757 qui

125 754 198 784 feeit
219 755 349 785 Salutem
371 765 502 794 magnam
524 757 553 786 in
577 758 695 795 Populo
719 758 775 787 Dei
791 761 804 786 ’.ἱ
1104 798 1109 802 1

167 797 281 830 (Zelus
305 797 380 823 debet
404 799 616 835 eſjelbcundzkm
632 799 788 833 fiietztiam.
803 798 812 833 )
835 796 956 827 Vidistis
974 798 1033 834 jam
1046 820 1054 832 ‚
1072 797 1130 842 Dl-

126 834 284 870 leffiliimi,
304 842 421 872 quantae
446 836 543 865 Vobis
568 837 734 866 necellitatis
765 837 795 866 lit
828 837 903 866 Zelo
924 838 1027 875 plenos
1053 837 1128 872 esse,

128 873 160 902 &
186 875 256 911 Igne
277 875 329 904 illo
350 874 441 905 Sacro
466 876 671 906 exardescere:
688 876 800 905 vidistis
821 876 938 914 quoque
963 884 1071 920 quanta
1092 878 1127 905 ad

127 912 207 941 hunc
231 913 335 943 Zelum
360 914 547 944 nutriendum
565 917 761 954 undequaque
781 915 847 945 Vos
869 923 989 953 urgeant
1002 923 1117 945 motiva

126 951 181 981 Ast
190 955 330 989 quoniam
344 954 428 984 multi
454 957 654 985 aemulazionem
675 959 729 984 Dei
754 957 851 983 habent
865 975 874 989 ‚
890 957 944 991 st'd
959 958 1128 1002 non-ficunt

127 994 194 1019 dam
210 995 378 1027 scientiam,
402 993 519 1031 (Rom.
544 996 614 1030 10.)
632 995 778 1032 facileque
800 995 830 1023 in
852 995 910 1023 hoc
931 1003 1052 1032 negotio
1077 994 1127 1023 fib2

126 1031 236 1061 illudit·
254 1032 383 1062 hominis
406 1034 540 1067 animus,
561 1033 590 1062 ἃ
612 1037 731 1070 satanas
757 1033 832 1072 step&
857 1036 1072 1072 transfigat-(use
1096 1037 1126 1061 in

126 1074 258 1110 angelum
283 1075 352 1100 lucis
371 1083 377 1101 Ζ

124 1110 238 1145 (Phill.
261 1118 285 1139 1.
305 1115 318 1146 )
341 1120 373 1140 ut
396 1110 559 1140 discernere
585 1112 704 1141 valeatis
721 1133 729 1146 ,
755 1121 790 1141 an
818 1120 888 1140 vere
912 1113 977 1141 Vos
999 1119 1125 1155 *moveat

123 1148 252 1187 Spiritus
274 1149 351 1183 Dei,
374 1158 474 1187 operm
497 1150 622 1188 pretium
652 1151 707 1180 erit
730 1151 778 1179 hlc
805 1152 839 1180 de
863 1151 1021 1196 praecipurs
1042 1159 1126 1195 agere

124 1187 328 1218 caracteribus
342 1210 350 1222 ‚
371 1188 478 1225 quibus
501 1198 602 1218 verum
620 1190 648 1219 δι
662 1191 820 1228 genuinum
843 1190 947 1219 Zelum
961 1193 1126 1234 inhgmtum

123 1227 180 1256 else
204 1235 350 1265 oporteat.
371 1228 465 1256 Sicuti
486 1228 561 1257 euim
585 1230 658 1258 nihil
674 1232 761 1267 magis
787 1231 928 1260 conducit
942 1231 977 1259 ad
991 1230 1124 1274 Gloriam

104 1265 182 1295 ,Dei
202 1268 287 1304 qu'am
312 1265 402 1295 Zelus
426 1267 552 1297 sincerus
572 1269 759 1307 pefeGusque
773 1290 781 1303 ‚
801 1270 840 1299 ita
866 1279 900 1299 ex
921 1270 1045 1299 adverso
1070 1271 1124 1298 lal-

121 1306 169 1334 sus
195 1306 223 1335 &
247 1307 418 1344 imprudens
440 1306 637 1338 funestillimos
661 1318 763 1347 parere
790 1310 882 1349 potest
907 1309 1048 1338 effefms.
1069 1318 1123 1339 nec

121 1344 238 1384 prodest
261 1345 399 1375 Eccleliae
413 1366 422 1380 ‚
445 1346 491 1375 sed
513 1347 614 1384 potius
639 1349 777 1378 Eamdem
798 1350 965 1379 conturbat.
1018 1387 1024 1393 ἠ

162 1387 172 1420 (
190 1388 253 1413 Tres
271 1387 461 1424 suntgenm'tzi
477 1389 541 1415 Zeli
555 1392 858 1426 Carac‘ierespraecipui.
872 1392 885 1424 )
901 1388 1003 1418 Zelum
1018 1389 1102 1432 Illum.
1113 1408 1122 1423 ‚

121 1423 311 1461 ejusdemque
333 1426 502 1455 CaraCteres
517 1427 648 1457 breviter
661 1427 797 1457 describit
811 1428 944 1466 egregius
960 1428 1039 1457 Vitae
1055 1428 1123 1466 Spi-

121 1463 236 1493 ritualis
258 1465 397 1501 Magister
421 1465 589 1495 Bernardus
614 1479 620 1497 :
651 1471 730 1505 Quid
747 1471 782 1505 est
804 1472 874 1504 {elus
890 1488 898 1501 ,
919 1468 1015 1505 inquit
1029 1487 1038 1502 ‚
1064 1470 1122 1495 nise*

120 1505 222 1531 intima
235 1506 515 1543 quaedamstimulazio
526 1508 679 1536 Clzarilatis
693 1527 702 1541 .,
721 1509 769 1544 pie
783 1509 1019 1543 nossbllicimmis
1034 1519 1119 1551 ‹emu-

120 1544 175 1570 lari
192 1545 349 1579 fraternam
371 1547 493 1573 Salutem
520 1556 526 1574 :
554 1546 601 1575 Ac
630 1546 735 1576 deinde
758 1547 793 1575 ad
812 1546 966 1587 qualitates
991 1548 1118 1583 ejuldem

120 1580 300 1612 descendens
316 1593 324 1616 ς
348 1586 447 1613 zelum
465 1595 540 1613 tuum
553 1608 561 1620 ‚
588 1587 627 1616 ait
641 1606 651 1621 ‚
671 1589 820 1623 inflammet
846 1589 973 1615 Charitas
987 1607 995 1621 ‚
1015 1587 1118 1621 formet

113 1623 234 1657 scientia
247 1644 256 1656 ,
273 1625 364 1660 firmet
382 1628 544 1663 constantia.
565 1625 629 1655 Has
643 1626 706 1654 veri
730 1624 795 1655 Zeli
819 1626 903 1655 dotes
918 1626 1061 1656 continuo
1077 1626 1116 1655 ob

122 1661 230 1690 oculos
254 1661 358 1692 habeat
378 1664 475 1694 Pastor
492 1676 499 1696 ;
517 1665 564 1694 hic
586 1666 662 1695 euim
682 1665 756 1703 lapis
774 1665 812 1694 est
833 1666 931 1702 lydius
945 1688 952 1700 ,
973 1666 1032 1704 quo
1058 1665 1117 1694 fer-

95 1706 100 1709 ·
119 1707 223 1729 vorem
244 1701 324 1730 suum
345 1704 471 1742 probare
495 1704 582 1733 debet
603 1705 631 1735 ἃ
655 1706 812 1734 moderari.
834 1705 878 1734 Sit
900 1706 999 1743 itaque
1026 1704 1116 1734 Zelus

119 1739 182 1774 ejus
211 1740 360 1770 Charitate
389 1742 544 1778 fervidus,
570 1743 600 1774 lit
625 1744 783 1774 Prudentia
813 1745 1060 1783 circumspectus‚
1086 1745 1117 1773 fit

119 1777 311 1809 Fortitudine
334 1781 463 1811 invieius
480 1793 487 1814 ;
510 1784 567 1812 five
588 1785 668 1822 quod
692 1785 769 1813 idem
785 1783 822 1811 est
838 1806 846 1818 ,
859 1786 893 1813 ad
910 1784 1091 1828 Charitatem
1106 1803 1115 1816 9

117 1818 156 1846 ad
177 1818 386 1856 prudentiam,
410 1824 445 1851 ad
468 1823 685 1853 Fortitudinem
712 1824 814 1852 reduci
837 1823 975 1862 possunt,
996 1833 1062 1862 qnae
1085 1831 1115 1853 m

118 1857 258 1888 Pastorali
284 1858 360 1890 Zelo
383 1862 504 1900 reperiri
525 1864 633 1893 debent
653 1863 816 1901 qualitates.
1104 1902 1111 1910 x

156 1901 167 1936 (
185 1910 209 1926 ι.
234 1902 360 1929 Οιιι-(ιῐῖεν
377 1905 411 1940 est
433 1905 562 1931 Charitas
583 1906 711 1932 Proximi
726 1905 842 1938 intenfiz.
858 1905 873 1938 )
897 1902 1009 1932 Harum
1028 1911 1118 1939 porro

109 1938 289 1974 >qualitatum
312 1939 405 1978 prima
426 1940 462 1970 est
486 1941 618 1972 Charitas
635 1953 643 1976 ;
663 1951 697 1972 ac
719 1942 846 1986 proinde
871 1942 980 1971 necess'e
1003 1942 1062 1988 est)
1086 1950 1117 1973 ut

116 1984 207 2006 verus
231 1976 321 2008 Zelus
343 1980 548 2011 Caraeteribus
561 1982 618 2012 illis
639 1982 670 2011 lit
682 1982 823 2021 praeditus
840 2004 848 2016 ‚
875 1991 949 2020 quos
964 1982 1115 2011 Charitate

116 2016 253 2047 adscribit
274 2019 438 2058 Apostolus
454 2032 459 2049 z
475 2025 485 2059 (
500 2022 521 2052 Ῑ.
545 2022 616 2052 Cor.
634 2030 678 2060 13.
695 2024 705 2058 )
729 2025 857 2051 Charitas
865 2025 979 2060 patiens
990 2025 1024 2060 est
1038 2042 1047 2056 ‚
1068 2024 1115 2050 he-

116 2059 204 2094 nigtm
223 2061 258 2097 est
272 2069 278 2087 ε
291 2080 298 2087 .
312 2080 323 2089 -.
338 2080 346 2089 .
368 2072 422 2089 non
445 2065 541 2097 quaerit
560 2073 619 2099 quae
634 2064 687 2098 sua
700 2063 787 2097 fimf,
812 2083 819 2090 .
833 2083 840 2091 .
856 2082 863 2091 .
885 2065 979 2090 omnia
998 2064 1092 2098 sperat
1104 2081 1113 2096 ‚

117 2101 211 2125 omnia
224 2100 350 2139 ficstinet.
371 2104 380 2137 (
395 2103 528 2137 Quaenam
538 2104 596 2139 sint
608 2104 690 2138 hujus
702 2104 855 2131 charitatis
871 2104 977 2139 Officia.
991 2102 1001 2136 )
1013 2101 1113 2146 Multa

116 2132 208 2170 igitur
232 2147 297 2167 cum
324 2140 486 2176 Patientia,
508 2143 598 2170 multa
622 2150 688 2170 cum
717 2140 926 2178 Benignitate‚
946 2150 1012 2170 cum
1032 2140 1114 2179 Julhs

118 2172 150 2202 &
160 2178 384 2214 peccatoribus,
398 2189 465 2209 cum
478 2180 654 2219 sapientibus
668 2179 909 2220 &insipientibus
922 2190 1006 2218 agere
1021 2190 1114 2218 opor-

118 2217 159 2240 tet
183 2215 325 2246 Pastorem
349 2229 357 2251 ς
385 2228 438 2249 nec
462 2220 621 2259 lacrymi5‚
647 2229 700 2249 nec
724 2220 854 2259 vigiliis,
878 2229 931 2249 nec
957 2221 1112 2250 laboribus

118 2260 238 2290 Pafcel'e
251 2275 260 2289 2
279 2265 310 2285 ut
329 2258 483 2288 Charitatis
500 2260 559 2289 suae
583 2261 711 2290 flammas
731 2259 760 2289 in
779 2261 904 2298 lingulos
925 2259 1086 2304 diffundat..

158 2292 290 2323 Imitetur
313 2296 539 2329 sollicitudinem
562 2299 687 2328 Pastoris
707 2299 807 2334 Boni,
828 2308 914 2337 quem
936 2299 1066 2328 Christus
1080 2308 1110 2328 in

116 2328 292 2370 Exemplum
315 2338 479 2375 proponit,
499 2338 656 2376 quaerentis
678 2338 774 2368 Ovem
798 2338 941 2377 perditam
957 2361 966 2373 ,
988 2348 1110 2376 eamque

116 2368 246 2400 humeris
267 2372 334 2403 Suis
347 2376 531 2414 imponentis
556 2377 712 2407 Neminem
735 2378 870 2408 durease
885 2379 1003 2417 repellat
1019 2387 1026 2410 ;
1043 2379 1112 2407 nul-

114 2410 172 2439 lius
203 2412 322 2448 abjiciat
353 2424 473 2451 curam,
495 2417 629 2455 quamvis
654 2418 778 2448 maxime
802 2418 950 2456 desperata
975 2418 1111 2446 videatur

115 2451 263 2482 correffio
277 2462 283 2481 :
299 2452 363 2489 quis
382 2455 455 2484 euim
472 2455 559 2485 novit
574 2456 733 2486 Consilium
753 2457 836 2486 Dei?
850 2458 924 2496 Quis
938 2457 1112 2486 Misericor-

114 2489 172 2519 diis
198 2490 270 2527 Ejus
292 2492 458 2529 praescribet
480 2495 662 2525 terminum?
684 2497 722 2526 Et
744 2496 821 2527 forte
835 2496 968 2526 alterille
981 2495 1088 2526 Saulus
1102 2517 1112 2530 ,

114 2529 167 2567 qui
180 2530 271 2560 hodie
292 2531 507 2569 persecutorem
530 2535 588 2572 agit
600 2535 800 2565 rabidillimum
814 2557 822 2571 ‚
843 2549 895 2565 vas
914 2538 1053 2564 echiom's
1073 2536 1111 2565 ell:

113 2576 182 2599 ante
205 2569 388 2605 Dominum,
409 2573 506 2609 (Aet.
529 2578 584 2610 9‚)
608 2574 637 2604 ἃ
661 2584 724 2605 cras
744 2586 798 2614 pro
820 2576 952 2606 Nomine
979 2575 1050 2612 Ejus
1078 2585 1111 2605 ac

115 2608 221 2639 Gloria
241 2611 401 2641 decer-tabit
414 2615 427 2639 ?
447 2612 537 2641 Forte
551 2615 622 2643 alter
634 2614 688 2643 erit
711 2616 911 2652 Augustinus,
931 2624 1018 2652 quem
1037 2625 1113 2645 con-

112 2647 233 2678 tinuatae
257 2650 356 2681 matris
382 2652 523 2692 lacrymae
544 2654 660 2683 tandem
681 2654 819 2686 Ecclefiae
842 2655 871 2685 &
894 2655 978 2686 Coelo
1000 2663 1112 2694 genue-

113 2691 208 2719 runt?

402 1074 413 1109 (
432 1073 470 1102 lI-
497 1071 565 1101 Cor.
593 1080 638 1102 11.
661 1076 670 1109 )
690 1073 756 1103 ides)
773 1095 780 1107 ,
801 1081 833 1102 ut
850 1076 973 1118 probetis
989 1077 1102 1110 potiora
1116 1075 1137 1107 ‚'

2093 182 2203 244 129

1234 246 1305 291 'Nec
1332 247 1377 282 se,
1397 258 1451 278 nec
1478 250 1527 293 sua
1557 260 1690 289 quaerere
1715 254 1801 286 debet
1823 255 1948 290 Pastoris
1971 260 2128 299 Charitas,
2149 266 2201 303 qui

1196 295 1320 316 ammam
1345 296 1399 325 pro
1432 289 1548 318 Ovrbus
1580 301 1689 329 ponere
1715 294 1867 326 obstrietus
1892 299 1938 329 est.
1971 301 2080 332 Procul
2109 304 2201 341 igitur

1197 326 1336 355 recedant
1359 326 1472 364 indigni
1493 329 1535 357 illi
1559 329 1693 360 homines
1707 352 1715 366 ‚
1744 334 1795 370 qui
1815 336 1896 366 siccis
1916 341 2011 369 oculis
2022 343 2117 379 perire
2130 345 2200 374 suos

1198 365 1408 404 conspiciunt,
1430 368 1459 396 ὃς
1492 368 1602 397 sedutti
1624 370 1694 399 vitae
1716 375 1881 404 commodis
1895 397 1904 410 ‚
1930 379 2039 409 deviCti
2061 382 2202 420 pigritia.

1196 413 1233 433 ne
1256 406 1301 434 vel
1323 406 1426 443 pedem
1450 415 1593 442 movent,
1621 417 1653 438 ut
1676 419 1710 438 ex
1730 410 1836 441 inferni
1857 415 1992 447 barathro
2008 429 2195 457 peccatorem

1197 443 1332 483 eripiant.
1363 444 1515 475 Recedant
1542 449 1651 485 procul
1671 449 1737 483 illi,
1759 451 1809 487 qui
1824 454 1902 492 turpi
1918 457 2041 487 avaritia
2065 460 2197 491 inhono-

1196 492 1260 513 rant
1281 483 1474 514 Minillerium
1490 495 1498 516 ς
1517 487 1646 524 dumque
1665 488 1725 517 levi
1740 491 1864 526 quadam
1880 495 2066 535 eleemosyna
2084 500 2113 528 ἅ·
2127 510 2198 530 cor-

1195 531 1251 560 pus
1274 522 1303 552 δι
1326 523 1448 553 animam
1477 524 1587 554 Ovium
1609 526 1724 557 suarum
1745 528 1855 566 possent
1876 532 2009 570 salvare,
2030 537 2096 566 duri
2111 538 2200 569 &in-

1197 562 1333 597 humani,
1358 563 1393 592 ad
1416 573 1577 602 pauperum
1597 567 1721 603 gemitus
1742 569 1881 599 obturant
1905 582 1988 603 aures
2011 585 2019 607 ς
2049 575 2079 605 &
2097 575 2199 608 Sacras

1198 601 1343 631 Pecunias
1363 603 1432 632 ausu
1448 603 1590 642 sacrilego
1615 607 1834 637 accumulantes
1847 629 1856 644 ‚
1878 610 1985 649 seipsos
1998 623 2065 643 cum
2078 615 2199 647 Simone

1198 650 1283 678 mago
1306 642 1481 679 perditionis
1502 651 1618 673 aeternae
1639 645 1819 677 constituunt
1841 658 1917 679 reos.
1939 651 2117 684 Charitatem
2141 655 2198 685 ita-

1199 680 1308 717 que&
1332 681 1526 719 Corporalem
1551 684 1580 712 δε
1601 683 1788 722 Spiritualem
1812 696 1944 719 exerceat
1973 692 2070 723 Pastor
2088 705 2095 726 ;
2116 705 2200 725 exer·

1197 728 1261 749 ceat
1282 729 1348 760 cum
1362 723 1453 750 multa
1473 722 1617 752 Patientia
1631 743 1640 757 ,
1663 732 1794 755 exerceat
1811 736 1878 756 cum
1891 731 1980 759 multa
2003 731 2198 770 Benignitate⁸

1234 764 1244 797 (
1268 763 1452 789 Damnabilis
1479 764 1609 791 mollities
1638 766 1710 792 male?
1733 776 1794 793 cum
1817 770 1958 799 Clmrimte
1981 774 2198 810 confunditur.)

1197 798 1330 834 Verum,
1350 800 1529 830 Dilefflssimi
1543 822 1552 836 ‚
1571 801 1662 832 nolite
1677 812 1744 832 cum
1764 806 1890 842 genuina
1913 809 2069 840 Charitatis
2086 812 2199 850 Benig-

1196 838 1288 867 nitate
1310 839 1493 869 confundere
1514 841 1666 871 mollitiem
1680 842 1758 872 illam
1772 846 1964 878 damnabilem
1979 869 1987 883 ‚
2011 859 2077 888 quae
2090 861 2198 890 pecca-

1197 884 1276 907 tores
1299 879 1328 907 in
1349 879 1418 909 falsa
1439 881 1578 918 relinquit
1593 891 1665 919 pace
1678 882 1827 919 quiescere
1842 905 1851 919 ‚
1873 886 1901 915 ἃ
1924 887 2040 919 securos
2057 891 2092 920 ad
2105 891 2197 921 infer-

1198 926 1267 946 num
1290 917 1470 948 descendere
1495 919 1576 957 Quot
1589 921 1665 950 enim
1684 923 1871 960 reperiuntur
1884 926 2014 957 pastores
2027 952 2035 964 ‚
2056 931 2197 968 ignoran-

1197 963 1263 991 tes,
1287 956 1382 987 timidi
1396 959 1555 993 ‚imbelles
1576 960 1604 990 δι
1626 961 1819 998 pusillanimes
1833 983 1842 998 ,
1864 965 1914 1002 qui
1939 967 2008 996 dum
2038 978 2194 1007 peccantes

1198 997 1337 1025 deberent
1360 1006 1480 1035 arguere
1493 1019 1501 1033 ,
1523 998 1676 1038 increpare
1689 1021 1698 1035 ‚
1721 1001 1842 1032 Divinis
1869 1012 1976 1035 terrere
1994 1007 2120 1038 Judiciis
2133 1030 2142 1044 ‚
2163 1010 2193 1039 δι

1196 1043 1262 1064 cnm
1280 1035 1421 1066 Nathano
1435 1038 1533 1067 dicere
1549 1050 1555 1067 :
1570 1041 1580 1075 (
1593 1040 1630 1070 11.
1653 1040 1727 1077 Reg.
1751 1049 1783 1069 12
1808 1043 1818 1077 )
1844 1046 1882 1073 Tu
1897 1056 1925 1073 es
1937 1047 1980 1074 illi
1995 1051 2056 1081 vir,
2077 1047 2192 1079 interim

1196 1075 1255 1103 alto
1276 1075 1354 1112 ipl'os
1376 1076 1543 1114 relinquunt
1566 1079 1674 1116 sopore
1696 1081 1841 1110 demersos
1855 1103 1862 1110 .
1883 1083 1913 1113 &
1933 1086 2124 1123 lethargicum
2139 1098 2195 1117 eo-

1182 1121 1259 1141 ‘rum
1281 1116 1381 1143 statum
1404 1115 1598 1145 incurabilem
1620 1119 1767 1154 reddunt,
1788 1121 1905 1158 eoquod
1926 1131 1975 1153 aut
2002 1126 2095 1155 lileant
2124 1128 2194 1157 Pas-

1195 1158 1297 1187 tores,
1319 1161 1368 1182 aut
1393 1154 1491 1183 dulcia
1515 1155 1545 1184 ἃ
1571 1156 1676 1186 mellita
1700 1160 1881 1196 loquantur,
1904 1163 1972 1192 dum
1999 1165 2114 1195 interim
2141 1176 2194 1197 ore

1196 1199 1302 1229 magno
1327 1193 1465 1222 deberent
1488 1194 1644 1230 intonare,
1668 1196 1696 1225 δε
1719 1198 1841 1227 adinstar
1865 1200 1991 1238 fulguris
2013 1204 2195 1236 coruscantis

1196 1232 1374 1260 conturbare
1397 1235 1562 1271 peccatoris
1587 1236 1794 1266 conscientiam
1810 1258 1818 1273 ,
1842 1238 1872 1269 &
1889 1240 1988 1272 intima
2007 1245 2067 1282 ejus
2081 1244 2194 1275 viscera

1195 1277 1308 1300 terrore
1335 1280 1505 1302 concutere.
1523 1295 1530 1303 .
1546 1296 1552 1302 .

1235 1310 1307 1340 Non
1328 1311 1390 1340 hoec
1412 1312 1450 1341 est
1472 1313 1641 1351 Benignitas
1663 1315 1710 1345 illa
1725 1336 1733 1350 ‚
1760 1326 1845 1354 quam
1867 1318 1974 1349 Paulus
1994 1322 2194 1361 depraedicat,

1193 1358 1279 1386 quam
1303 1351 1465 1389 praescribit
1488 1353 1621 1391 Religio.
1655 1355 1763 1385 Paulus
1788 1356 1848 1394 ipse
1872 1359 2066 1390 incestuosum
2082 1364 2191 1393 Corin-

1192 1389 1286 1418 thium
1309 1391 1344 1419 ab
1368 1390 1497 1421 Ecclelia
1520 1393 1624 1430 dejecit
1648 1406 1654 1422 τ
1677 1398 1691 1431 (
1712 1397 1733 1425 Ι.
1755 1395 1816 1425 Cor
1847 1405 1874 1434 5.
1897 1400 1907 1435 )
1938 1399 2133 1438 Hymen-„num
2161 1403 2191 1434 δι

1191 1429 1394 1458 Alexandrum
1415 1432 1533 1461 tradidit
1552 1433 1656 1463 satana:
1684 1445 1690 1463 z
1713 1440 1723 1474 (
1743 1436 1766 1465 I.
1791 1435 1868 1465 Tim.
1904 1446 1927 1467 1.
1946 1439 1957 1474 )
1982 1440 2096 1477 aliquos
2124 1444 2190 1473 vult

1191 1470 1447 1536 dure‘rlinereparh
1475 1471 1562 1509 (Tit.
1595 1481 1619 1502 ι.
1643 1475 1654 1511 )
1676 1474 1750 1504 alios
1770 1486 1860 1505 coram
1886 1481 2011 1508 omnibus
2032 1480 2123 1518 argui.
2138 1503 2145 1511 .
2159 1503 2188 1513 ..

1190 1511 1204 1544 (
1220 1509 1242 1538 Ι.
1285 1507 1345 1537 ¹inx.
1367 1511 1419 1546 5.)

1227 1550 1237 1584 (
1256 1550 1395 1584 Quomodo
1407 1552 1481 1589 justa
1503 1553 1566 1580 Zeli
1578 1553 1712 1586 severitas
1732 1558 1917 1592 temperanda.
1932 1559 1946 1593 )
1969 1557 2113 1589 Terrendi
2130 1561 2188 1590 ita-

1189 1595 1246 1624 que
1269 1587 1333 1617 sunt
1352 1597 1524 1626 peccatores
1537 1613 1545 1625 ,
1565 1590 1645 1620 ferro
1670 1592 1699 1621 δι
1723 1592 1788 1630 igne
1806 1595 1927 1624 secanda
1946 1597 2104 1635 aliquando
2119 1601 2188 1629 vul-

1187 1634 1280 1659 nera;
1305 1627 1465 1658 servandus
1483 1631 1588 1659 exa-Situ
1609 1630 1638 1660 δε
1661 1632 1792 1662 salutaris
1813 1634 1983 1673 Discipliuae
2004 1637 2083 1675 rigor
2109 1650 2114 1668 :
2137 1639 2185 1668 sed

1188 1666 1255 1694 dum
1270 1673 1379 1703 terret,
1400 1669 1469 1697 dum
1495 1671 1637 1705 detonat,
1659 1672 1727 1700 dum
1742 1675 1868 1703 minatur
1884 1698 1891 1709 ,
1915 1677 1983 1704 dum
1998 1686 2188 1712 peccatorem

1186 1705 1353 1743 opprimere
1378 1707 1496 1737 videtur
1519 1709 1711 1748 Apostolicus
1732 1711 1822 1742 Zelus
1837 1733 1846 1747 ‚
1867 1714 1930 1743 haec
1949 1718 2045 1745 omnia
2067 1717 2104 1746 ita
2120 1727 2186 1748 mo-

1186 1745 1279 1773 derari
1303 1747 1388 1775 debet
1408 1747 1560 1778 Pastoralis
1591 1749 1724 1779 Charitas
1739 1774 1747 1786 ‚
1769 1759 1800 1781 ut
1821 1754 1925 1782 eodem
1946 1762 2078 1793 tempore
2093 1777 2102 1792 ‚
2122 1767 2184 1794 quo

1183 1783 1260 1812 secat
1273 1786 1394 1815 vulnera
1407 1809 1415 1822 ,
1433 1788 1568 1817 adhibeat
1583 1789 1680 1818 oleum
1692 1810 1700 1824 ,
1719 1792 1950 1822 consolationem
1964 1794 2081 1830 adjiciat
2096 1816 2105 1831 ,
2126 1796 2186 1825 eri-

1183 1830 1232 1860 gat
1254 1824 1284 1852 in
1303 1824 1390 1863 Spem
1412 1827 1530 1861 veniae,
1551 1829 1585 1856 ad
1609 1831 1843 1860 emendationem
1866 1833 1935 1862 vitae
1949 1833 2107 1864 exstimulet
2121 1856 2130 1870 ‚
2151 1844 2184 1866 ut

1187 1863 1227 1892 ita
1247 1865 1433 1895 contristetur
1452 1875 1615 1905 peccator,
1636 1868 1682 1898 sed
1706 1870 1891 1901 contristetur
1903 1876 1944 1901 ad
1954 1878 2153 1910 poenirentiam
2170 1886 2180 1909 ς

1186 1902 1247 1939 (Π.
1270 1903 1340 1933 Cor.
1360 1906 1410 1942 7.)
1431 1915 1462 1935 ut
1483 1906 1571 1936 discat
1590 1919 1643 1936 non
1664 1911 1844 1947 blasphemare
1862 1922 1869 1943 ;
1890 1914 1933 1950 (I.
1955 1912 2033 1942 Tim.
2063 1917 2107 1951 1.)
2128 1922 2184 1950 ut,

1186 1942 1255 1970 dum
1277 1943 1414 1981 affligitur
1434 1950 1464 1975 in
1490 1950 1610 1975 iteritum
1629 1954 1741 1982 carnis,
1799 1954 1916 1989 spiritus
1929 1955 2027 1989 sulvus
2044 1955 2082 1991 fit
2093 1958 2123 1983 ἱιι
2137 1958 2181 1985 die

1186 1983 1304 2011 Domini
1332 1988 1410 2022 nostri
1429 1989 1494 2022 Jefic
1520 1990 1614 2026 Christi
1648 1992 1702 2024 (Ι.
1725 1988 1786 2019 COK'
1822 1994 1874 2026 5)

1223 2021 1355 2052 Charitas
1376 2024 1465 2062 igitur
1485 2026 1581 2056 varias
1596 2028 1647 2056 has
1660 2027 1757 2058 induit
1768 2028 1876 2059 formas
1894 2041 1901 2064 ;
1915 2031 1962 2062 sed
1978 2031 2087 2070 semper
2101 2032 2180 2063 Cha-

1184 2059 1253 2090 ritas
1275 2062 1332 2096 est,
1352 2063 1462 2102 semper
1484 2065 1601 2095 Patiens
1615 2087 1624 2101 ,
1643 2067 1754 2106 semper
1773 2068 1903 2107 Benigua
1928 2082 1937 2099 .·
1961 2071 2034 2100 adeo
2056 2080 2086 2101 ut
2108 2074 2178 2102 dum

1184 2107 1290 2136 tonat,
1312 2104 1381 2132 dum
1402 2104 1555 2143 increpat,
1580 2106 1648 2135 dum
1669 2108 1742 2136 dure
1754 2108 1909 2146 loquitur,
1928 2110 2047 2139 Divinae
2062 2112 2179 2142 Gloriae

1184 2140 1213 2169 δι
1235 2140 1342 2171 Salutis
1364 2144 1495 2173 Proximi
1516 2145 1630 2174 incensa
1658 2145 1733 2176 Zelo
1747 2167 1756 2181 ‚
1776 2149 1872 2177 adhuc
1901 2149 1952 2178 sub
1983 2158 2103 2181 externo
2125 2152 2178 2183 illo

1181 2181 1303 2210 terroris
1323 2191 1462 2221 apparatu
1484 2185 1581 2214 videat
1601 2194 1740 2223 peccator
1761 2186 1790 2216 in
1811 2187 1926 2218 Pastore
1948 2189 2105 2227 benignum
2119 2192 2178 2221 Pa-

1179 2226 1252 2249 trem
1267 2243 1274 2254 ‚
1297 2223 1347 2259 qui
1370 2224 1399 2251 in
1422 2223 1581 2253 visceribus
1604 2224 1810 2255 misericordiae
1826 2227 1919 2265 ipsum
1943 2229 2073 2267 recipere
2093 2240 2177 2269 para-

1179 2266 1227 2288 tus
1247 2259 1305 2289 cst:
1323 2261 1421 2292 videat
1440 2263 1469 2292 in
1487 2263 1601 2293 Pastore
1622 2264 1748 2294 Matrem
1761 2286 1769 2300 ‚
1790 2276 1855 2304 quae
1875 2268 1926 2297 sub
1947 2268 2095 2299 acerrimis
2110 2280 2178 2305 par-

1178 2300 1225 2327 tus
1246 2300 1400 2330 doloribus
1425 2302 1533 2339 gemit,
1560 2304 1666 2332 horum
1692 2313 1751 2334 non
1779 2307 1993 2342 recordatur-a,
2013 2309 2178 2340 dummodo

1179 2337 1293 2368 Christo
1314 2339 1422 2369 Filium
1445 2342 1563 2379 gignere
1584 2343 1693 2372 valeat.

1217 2378 1287 2407 Hoc
1307 2381 1398 2415 modo
1422 2382 1489 2415 fiet,
1510 2381 1685 2411 Dileffiffimi
1699 2405 1706 2417 ,
1729 2391 1761 2413 ut
1774 2393 1934 2422 peccator,
1955 2386 2026 2417 licet
2046 2390 2175 2419 necdum

1178 2417 1326 2446 severitati
1340 2418 1461 2450 Divinte
1488 2421 1574 2458 Legis
1600 2422 1747 2452 submittat
1764 2424 1923 2460 humeros,
1944 2435 2041 2456 amare
2073 2436 2173 2460 tamen

1179 2465 1278 2495 pergat
1307 2458 1471 2489 Ministrum
1486 2481 1494 2494 ‚
1513 2461 1564 2498 qui
1582 2463 1711 2490 eamdem
1733 2463 1894 2501 proponit,
1916 2474 2002 2503 atque
2023 2467 2062 2496 ita
2086 2469 2174 2506 longe

1180 2496 1288 2531 citius,
1309 2498 1398 2535 louge
1419 2499 1533 2529 facilius
1554 2502 1589 2529 ad
1604 2510 1657 2530 cor
1677 2510 1840 2532 revertetur
1853 2523 1862 2537 ‚
1882 2504 1910 2534 ἅ
1931 2506 2047 2536 salutari
2068 2508 2175 2538 dolore

1179 2537 1330 2574 perculsus
1342 2558 1351 2572 ‚
1368 2538 1457 2568 vitam
1477 2540 1507 2568 in
1524 2541 1625 2570 melius
1643 2542 1819 2571 emendabit.
1850 2543 1911 2574 Ubi
1929 2553 2050 2581 contra,
2068 2547 2086 2576 ti
2102 2548 2176 2585 pha-

1180 2576 1284 2605 risaica
1301 2578 1437 2616 superbi-a
1456 2588 1642 2617 peccatorem
1663 2582 1677 2609 a
1698 2589 1725 2610 te
1746 2583 1867 2619 repellas
1884 2594 1892 2615 ς
1907 2585 1924 2612 li
1946 2594 2006 2614 non
2026 2586 2080 2615 nisi
2095 2596 2174 2616 ama·

1178 2615 1322 2645 ritudines
1344 2618 1374 2646 in
1399 2627 1488 2657 caput
1511 2621 1572 2657 ejus
1587 2620 1727 2657 conjicias
1744 2631 1751 2653 3
1768 2622 1785 2650 si
1806 2623 1882 2652 duro
1905 2624 1998 2662 ipsum
2022 2627 2175 2663 aggredia-

1179 2655 1219 2684 ris
1242 2657 1377 2694 impetu.‚
1398 2667 1456 2687 non
1483 2667 1511 2688 te
1522 2659 1578 2697 agit
1594 2659 1684 2688 Zelus
1701 2660 1842 2695 Domini,
1866 2662 1912 2691 sed
1927 2664 2011 2701 pallio
2024 2665 2149 2693 humana
2164 2685 2174 2700 ,

1177 2692 1226 2724 sed
1241 2696 1283 2725 ira
1298 2716 1307 2731 ,
1324 2696 1370 2726 sed
1383 2697 1646 2730 diabolicusfuror
1660 2721 1668 2734 ,
1688 2700 1894 2741 hominemque
1907 2701 1990 2733 illum
2006 2704 2062 2734 fine
2078 2704 2173 2734 {ruem

1396 2739 1464 2787 Ge
