2414 3105
488 159 590 202 van
612 138 760 222 ijne
798 126 1341 216 Hoogweerdigheyd
1374 132 1432 209 J-
1473 132 1538 191 T·
1566 132 1626 210 J·
1661 129 1893 194 WellenS·
2134 153 2196 214 31

116 241 317 288 Abrumpent
339 242 486 277 elementa
503 243 593 285 fidem
608 263 618 280 ,
639 240 777 282 tristique
800 237 933 282 cupreffi)

125 294 263 338 Cingar,
283 293 319 329 G?
337 293 446 335 Infanti
461 294 587 336 pingam
615 300 680 322 mea
703 289 807 320 littora
823 288 958 339 fronde:

121 343 248 386 ¹Quippe
268 345 334 384 quis
359 344 389 374 in
410 351 495 374 tanto
515 341 691 381 miserarum
715 339 834 370 turbine
857 346 983 375 rerum,

124 392 255 424 Curabit
279 399 359 424 natae
384 391 516 422 viduatae
536 388 650 429 Pastor
671 387 749 419 oviIe
754 409 845 417 .....

125 441 203 473 Vix
223 450 257 471 ea
278 440 406 481 finIerat
428 449 435 468 :
453 439 616 482 geminatis
637 438 727 468 turba
746 436 876 477 querelis

124 486 393 522 GAMERUM
409 488 514 530 pergit
535 486 664 518 Patrem
685 485 854 517 inclamare
870 483 1033 527 sepultum.

174 537 256 569 Haec
277 533 335 567 ubi
357 533 424 576 jam
444 532 553 567 secum
577 534 659 567 tristi
685 531 835 566 sermone
853 531 1033 572 volutant,

124 585 223 617 'recta
243 581 347 626 aperit
372 581 520 616 summus
543 581 700 616 stellantis
723 581 850 615 Recstor
872 581 1024 625 olympi,

123 631 345 673 Dimittitque
371 633 502 672 Deam;
526 631 615 665 rosea
640 630 769 665 cervice
795 627 961 676 refulget,

121 680 368 726 Ambrofiaeque
389 691 493 715 comae
514 681 666 715 divinum
691 678 816 715 vertice
841 680 981 713 odorem

121 731 251 772 Spirant
265 753 275 769 ‚
299 731 469 772 protendit
491 728 605 763 laetum
627 729 679 773 pia
701 731 837 763 dextera
860 737 1014 770 ramum;

124 779 208 812 Ilaec
233 777 349 822 populi
370 778 532 822 lacrymas
552 778 602 812 his
626 781 726 821 coepit
750 786 873 821 ponere
895 776 990 811 dietis
1008 790 1016 810 :

121 828 211 868 Quid
237 825 366 862 tantsim
389 825 527 861 infando
544 827 637 870 juvat
657 826 833 872 indulgere
853 825 987 865 dolori,

123 876 243 909 Moesta
263 876 409 910 cohors?
431 886 501 909 non
524 875 595 910 haec
612 875 739 910 summo
759 877 823 909 sine
843 875 980 908 numine
1003 871 1131 909 Divum

126 923 297 958 Eveniunt
320 936 477 971 umquam
492 949 501 965 ,
524 929 643 965 novit,
663 928 721 970 qui
744 925 861 958 cuncta
884 925 1074 970 gubernat,

126 973 254 1008 ‘Vivere
277 975 372 1016 queis
392 975 532 1013 tribuat,
551 973 604 1008 vel
625 973 700 1007 vitae
722 974 857 1007 stamina
881 980 1024 1015 rumpat.

125 1022 269 1056 Provida
292 1025 404 1056 Mater
426 1034 489 1068 ego
509 1024 550 1057 de
576 1022 702 1056 summo
726 1025 852 1055 vertice
878 1020 954 1054 coeli
974 1042 986 1060 ,

124 1070 300 1106 Provisura
323 1071 389 1105 tuis
404 1095 413 1110 ,
432 1071 547 1104 afflicta
567 1074 771 1114 Antverpc‘a,
792 1072 893 1103 rebus
912 1092 924 1108 ‚

124 1120 195 1154 Hic
215 1119 326 1153 adsum
346 1143 355 1158 ‚
381 1121 577 1163 Patremque
605 1119 691 1153 dabo
706 1142 716 1158 ,
738 1121 795 1162 qui
824 1119 945 1163 dignus
963 1117 1131 1156 habenas,

125 1167 329 1201 GAMERO
353 1166 484 1207 similis,
504 1168 630 1201 viduati
653 1168 787 1200 ass'umat
809 1166 916 1200 ovilis.

120 1217 278 1261 Namque
303 1227 376 1250 meo
394 1217 478 1258 jufl'u
504 1216 649 1249 Grudias
671 1217 831 1260 Sapientia
855 1215 984 1249 dudum
999 1237 1010 1255 ,

124 1266 176 1299 Ut
197 1265 313 1311 dignos
333 1265 434 1299 aleret
457 1274 572 1303 natos,
588 1266 747 1299 exstruxit
767 1265 940 1305 Athenas;

123 1315 195 1348 Hic
214 1316 325 1349 Patres
346 1319 469 1348 virtute
489 1324 604 1360 graves
618 1337 628 1353 ,
649 1324 735 1359 quos
759 1312 863 1347 multa
884 1318 1024 1347 coronat

88 1396 91 1398 ,
124 1363 246 1398 Gloria
270 1364 430 1397 doctrinae
453 1361 550 1397 sacris
575 1365 729 1406 aptissima
754 1365 876 1396 rebus.-

125 1415 240 1458 Atque
265 1413 443 1448 Viennensi
467 1414 638 1447 Prudentia
661 1412 804 1455 praefidet
829 1410 933 1450 aulae,

127 1462 341 1506 Imperioque
363 1463 510 1506 Augusta
532 1472 606 1494 meo
627 1461 741 1504 parere
759 1469 869 1504 parata
887 1461 932 1493 est

127 1511 300 1545 Continuo
315 1533 324 1549 ,
344 1509 541 1552 sacrumque
560 1510 703 1543 humeris
723 1514 893 1554 imponere
915 1509 1048 1552 pondus

126 1559 210 1592 Non
235 1561 291 1593 nisi
313 1559 501 1602 promeritis
521 1558 587 1592 visa
606 1560 651 1592 est
673 1560 819 1604 Augusta
842 1557 981 1604 Virago.

126 1606 264 1642 Cautius
293 1611 441 1654 ingentes
462 1608 598 1641 morbos
617 1610 647 1641 ἐι
666 1612 818 1651 proxima
839 1607 932 1642 cordi

128 1657 251 1691 Ulcera
273 1657 414 1691 Paoniae
437 1658 553 1691 tractat
573 1655 704 1691 solertia
727 1668 826 1691 curte.

130 1706 249 1740 Ponite
271 1706 337 1748 jam
357 1705 539 1750 lacrymas,
559 1704 685 1752 grudiis
708 1715 785 1738 narn
808 1708 930 1752 dignus
952 1705 993 1739 ab
1015 1704 1083 1741 oris

132 1756 223 1789 Mox
247 1757 354 1789 aderit
377 1754 496 1790 Praesul
517 1768 524 1788 :
545 1753 779 1799 praesentatura
803 1756 1024 1788 THERESAE

131 1806 459 1839 WELLENIDEM
472 1814 633 1848 propero:
648 1804 754 1837 turbis
764 1814 823 1838 nec
835 1803 929 1846 plura
945 1802 1057 1838 locuta
1069 1805 1132 1846 est3

129 1853 308 1897 Impatiens
327 1855 370 1887 ast
389 1854 464 1888 diva
485 1858 586 1887 morae
607 1864 812 1896 praecurrere
832 1851 952 1886 famam

128 1904 257 1942 Ardet,
277 1904 307 1935 &
327 1902 497 1946 extemplo
517 1913 649 1936 currum
672 1901 862 1936 conscendit
885 1905 1049 1935 eburnum
1062 1926 1073 1942 ‚

129 1950 196 1995 Ipsa
218 1951 307 1986 leves
330 1954 519 1985 moderatur
540 1961 666 1993 equos,
688 1960 889 1996 torquetque
908 1950 1081 1994 volantes;

130 2002 212 2034 Non
235 1999 325 2034 secus
344 2011 381 2034 ac
404 2002 482 2034 vasti
504 2001 599 2035 ducit
620 2011 677 2044 per
698 2010 824 2034 cornua
849 2003 933 2034 tauri

130 2050 273 2083 Phoebus
292 2060 398 2092 equos
415 2060 536 2093 :atque
559 2051 740 2084 Austriacis
760 2048 909 2083 illabitur
932 2048 1009 2083 oris.

123 2098 263 2144 Jamque
289 2098 512 2133 Viennensem
536 2101 646 2132 Mater
665 2097 830 2132 descendit
849 2098 882 2131 in
912 2097 1021 2132 aulam

136 2148 300 2187 Provida,
326 2149 409 2181 tecta
431 2147 542 2189 subit,
565 2147 724 2191 placidam
747 2158 808 2191 pro
833 2158 924 2181 more
943 2157 1056 2182 tuetur

132 2197 283 2239 Augustae
304 2194 421 2230 faciem
442 2200 472 2231 &z
490 2198 599 2231 vultus
617 2206 790 2230 veneratur
811 2200 955 2230 amicos:

131 2245 216 2276 Tum
240 2242 375 2287 placidis
400 2245 529 2290 Regina
553 2247 646 2280 deam
670 2245 902 2290 complectitur
923 2245 1035 2287 ulnis,

130 2293 247 2326 Sedato
267 2293 354 2326 affari
375 2297 414 2327 sic
434 2293 568 2328 demum
588 2298 721 2338 pectore
745 2294 844 2338 ccupit
866 2305 872 2328 :

132 2340 246 2374 Tristis
262 2340 346 2374 fama
365 2344 420 2376 diu
443 2345 566 2377 nostras
585 2347 734 2388 pervenit
753 2346 793 2378 ad
819 2353 932 2384 aures,

129 2391 260 2434 Lugere
279 2390 460 2424 Anversam
483 2391 612 2426 sublato
636 2392 775 2427 Pht-sule
795 2402 905 2426 natam
919 2415 930 2432 ‚

131 2439 392 2484 Maternumque
412 2440 464 2473 diu
488 2439 586 2475 subiit
609 2440 773 2475 miseratio
794 2443 922 2486 peetus,

134 2489 178 2521 Et
202 2496 309 2520 natam
333 2489 481 2521 afflictam
501 2488 597 2523 solari
621 2492 664 2523 est
683 2493 790 2524 nostra
816 2490 993 2524 voluntas:

131 2539 180 2570 At
201 2540 357 2581 quoniam
381 2548 557 2582 numquam
575 2541 637 2571 sine
653 2548 702 2578 te,
722 2541 927 2579 Chariffima,
947 2538 1128 2584 quidquam

130 2587 277 2620 Efficiam
301 2585 353 2618 dic
378 2584 507 2619 sacratae
528 2590 584 2630 qui
604 2589 757 2630 providet
780 2589 839 2622 aedi
854 2611 864 2628 ,

130 2634 281 2679 Belgiaca
305 2635 344 2668 de
363 2644 460 2679 gente
481 2635 606 2674 virum,
628 2635 684 2680 qui
706 2639 826 2682 dignus
850 2636 994 2671 habenas

129 2683 304 2729 Torquere
327 2686 358 2719 &
381 2682 506 2721 sacrum
527 2684 610 2719 bene
632 2685 721 2720 norit
738 2685 869 2735 pascere
890 2685 987 2722 ovile.

1195 231 1258 264 His
1280 228 1375 263 dietis
1397 229 1491 263 simili
1512 230 1652 276 Reginae
1673 242 1757 266 voce
1775 233 1884 268 locuta
1905 236 1950 269 est
1980 249 1986 270 :

1196 281 1248 312 Tu
1271 286 1388 311 votum
1412 280 1545 324 Regina
1567 280 1766 322 hominum,
1787 283 1942 329 curasque
1962 287 2102 319 deorum

1196 328 1384 365 Praevenis,
1407 329 1439 360 ὅτ
1463 330 1620 371 quoniam
1642 329 1758 372 jubeas
1782 332 1935 377 Regina,
1959 332 2122 369 fatebor:

1247 375 1402 422 Be1gica‚
1427 387 1499 418 qua·
1523 385 1631 410 totum
1652 376 1708 411 sua
1730 378 1850 413 semina
1872 380 1990 428 spargit
2009 383 2042 417 in
2064 382 2207 423 orbem,

1202 428 1324 464 Terra,
1346 435 1462 468 parens
1484 429 1582 459 toties
1605 425 1672 459 visa
1690 429 1733 460 est
1755 426 1908 464 foecunda
1928 431 2098 475 virorum3

1201 476 1263 509 Sed
1284 475 1454 519 postquam
1475 475 1589 508 studiis
1608 476 1767 520 Sapientia
1791 480 1939 513 condidit
1960 483 2047 515 aedes

1202 525 1362 562 Lovanii,
1383 522 1448 565 jam
1470 523 1559 557 doni
1582 533 1699 558 omnes
1722 527 1932 562 cumulantur
1952 529 1986 563 in
2009 541 2131 572 unum,

1202 571 1360 618 Quosque
1382 571 1463 606 alibi
1488 573 1604 617 dignos
1625 577 1752 617 peperit
1773 579 1825 618 pia
1847 577 1958 611 Mater
1982 578 2155 622 alumnos,

1202 622 1282 656 Huc
1303 624 1426 663 mittit3
1447 619 1642 666 cunctasque
1665 632 1749 657 artes
1770 626 1868 659 docet
1887 625 1943 660 illa
1960 627 2144 670 juventam.

1203 672 1347 715 Spartam
1367 669 1423 705 alii
1443 670 1601 710 laudent,
1624 670 1680 706 alii
1705 676 1871 709 mirentur
1894 678 2041 710 Athenas
2054 700 2065 717 ‚

1202 719 1336 755 Floruit
1357 720 1414 753 hic
1440 722 1531 754 Solon
1546 743 1556 760 ,
1580 720 1744 755 celebrem
1769 724 1860 758 dedit
1886 723 1943 758 illa
1967 726 2169 771 Lycurgum.-

1201 771 1262 803 Ast
1286 768 1408 802 Grudii
1430 768 1556 802 multos
1579 771 1702 804 Themis
1720 771 1879 807 inviolata
1902 774 2062 819 Lycurgos

1201 820 1336 857 Servat,
1357 820 1388 851 δι
1408 821 1537 852 eximiis
1559 819 1673 852 Pallas
1694 822 1853 856 Solonlhas
1873 822 2011 866 implet;

1202 868 1271 909 Hic
1291 870 1406 900 Sacros
1427 867 1513 900 inter
1530 869 1689 903 Proceres
1707 868 1857 905 subsenia
1879 871 1998 906 Coetsss

1201 918 1348 959 Occupat
1370 917 1491 950 Eximii
1505 940 1515 957 ,
1538 928 1636 959 quem
1657 921 1763 953 virtus
1785 921 1889 954 multa
1912 929 2074 963 coronat,

1201 965 1510 1000 WELLENIDES
1522 987 1532 1004 ‚
1549 977 1648 1009 quem
1663 977 1731 1001 non
1745 968 1840 1004 series
1853 970 2017 1004 inhonora
2031 980 2206 1016 parentum

1199 1012 1384 1047 Obscurum
1407 1014 1555 1058 proavis,
1577 1026 1638 1050 nee
1658 1017 1771 1059 priscae
1791 1019 1876 1054 lucis
1894 1029 2046 1065 egentem

1199 1061 1321 1096 I'lebea
1342 1063 1382 1096 de
1407 1063 1503 1107 stirpe
1528 1064 1626 1104 tulit,
1648 1076 1745 1107 quam
1769 1069 1853 1102 vidit
1874 1071 1914 1101 ab
1938 1073 2033 1104 annis

1199 1109 1393 1144 Florentem
1414 1111 1524 1145 mutis
1547 1110 1627 1146 felix
1654 1118 1835 1160 Antverpia
1848 1142 1858 1158 ‚
1877 1119 2025 1152 Matrem

1199 1160 1279 1200 Quae
1301 1158 1332 1192 se
1355 1161 1649 1196 WELLENIDIS
1675 1168 1775 1198 toties
1795 1165 1902 1211 gavisa
1922 1165 2066 1209 fatetur3

1199 1209 1237 1240 In
1261 1218 1329 1253 quo
1352 1209 1509 1243 munifico
1534 1219 1651 1245 natura
1673 1212 1827 1259 Deusque
1849 1213 1983 1258 favore,

1201 1256 1330 1291 Divisas
1349 1262 1480 1301 proavis
1502 1258 1649 1294 menfiira
1670 1264 1700 1295 ὅτ
1723 1266 1869 1306 pondere
1890 1267 1986 1301 dotes

1200 1306 1425 1348 Consocians,
1447 1319 1513 1341 una
1534 1308 1636 1344 veluti
1657 1312 1841 1348 cumulavit
1861 1314 1894 1348 in
1914 1325 2000 1350 arca.

1199 1355 1283 1389 Non
1307 1358 1406 1395 huic,
1427 1357 1483 1390 vix
1503 1356 1593 1390 usum
1615 1357 1735 1394 tener'ae
1762 1364 1899 1398 rationis
1921 1367 2063 1409 adepto,

1200 1405 1345 1439 Desidias
1364 1407 1510 1448 prudens
1527 1411 1660 1452 genitor
1678 1413 1820 1453 permisit
1838 1413 1959 1447 inertes
1971 1438 1982 1454 ,

1197 1455 1258 1487 Sed
1280 1464 1368 1489 nova
1392 1465 1448 1497 per
1469 1457 1568 1489 duros
1592 1457 1748 1493 instruxit
1770 1465 1921 1496 membra
1942 1463 2098 1506 labore33

1197 1504 1241 1537 Et
1262 1501 1368 1536 sancia
1387 1513 1501 1537 tenues
1523 1515 1681 1540 exercens
1705 1507 1817 1545 indole
1838 1516 1944 1550 vires,

1198 1553 1343 1586 Virtutis
1365 1555 1557 1589 monstravit
1577 1558 1660 1595 iter,
1681 1558 1775 1592 Pater
1794 1560 1861 1604 ipse
1883 1565 2046 1606 praeibat:

1197 1602 1320 1645 Saepius
1340 1602 1515 1645 implumes
1538 1603 1635 1639 nidos
1658 1607 1696 1639 ad
1719 1605 1832 1651 sydera
1851 1621 1984 1646 vertens

1200 1650 1353 1685 Consulit
1374 1654 1526 1687 ardentes
1549 1654 1676 1694 radios,
1694 1658 1725 1688 ἂ
1744 1657 1820 1692 luce
1838 1663 1987 1707 magistra

1198 1701 1366 1736 Natorum
1387 1703 1507 1744 probat
1527 1704 1653 1749 ingenit
1666 1715 1699 1737 m
1713 1707 1809 1751 Jovis
1833 1711 1973 1756 armiger
1992 1710 2069 1746 ales.

1198 1751 1242 1783 Et
1265 1749 1426 1785 fortunati
1444 1749 1556 1785 subito
1576 1755 1617 1787 sic
1639 1755 1742 1789 Patris
1761 1758 1871 1805 imago

1199 1800 1324 1834 Vivida
1347 1808 1443 1832 natus
1465 1809 1535 1834 erat
1551 1814 1557 1835 :
1575 1813 1644 1836 non
1667 1803 1769 1848 ocyuS
1788 1804 1889 1842 hausit
1911 1810 2052 1844 Achilles

1200 1849 1341 1893 Semiferi'
1361 1860 1528 1894 praecepta
1548 1852 1656 1892 Senis,
1676 1851 1728 1887 seu
1753 1855 1893 1900 cuspidis
1912 1866 2006 1892 artes.

1198 1902 1494 1933 AUGUsTiNJADUM
1514 1900 1599 1934 lati-te
1626 1901 1683 1935 vix
1705 1912 1780 1948 tyro
1804 1907 1949 1950 palestra·

1199 1950 1401 1982 Incumbens
1421 1949 1552 1988 studiis,
1575 1950 1680 1985 socios
1701 1956 1871 1995 praevertit
1885 1979 1894 1995 ‚
1915 1959 1945 1990 ὅτ
1970 1955 2057 2001 agre

1199 1998 1266 2032 Vel
1285 1997 1382 2031 semel
1404 1999 1448 2030 est
1472 2000 1572 2040 panus
1598 2000 1703 2044 palma
1723 2006 1864 2047 gaudere
1886 2005 2034 2040 secunda.

1198 2047 1286 2081 Mox
1307 2050 1435 2080 animus
1452 2046 1604 2089 juvenem
1629 2051 1748 2085 teneris
1768 2057 1932 2089 robustior
1955 2055 2048 2088 annis

1198 2099 1255 2131 Ad
1275 2097 1396 2139 majora
1416 2099 1509 2140 rapit.
1544 2099 1706 2133 Veterum
1729 2102 1929 2137 documenta
1947 2104 2136 2147 Sophorum

1199 2147 1300 2179 Noffe
1323 2148 1436 2189 cupit3
1454 2146 1526 2189 quis
1550 2157 1631 2181 tunc
1653 2151 1770 2191 studii,
1795 2151 1999 2195 quantusque
2023 2152 2147 2190 sciendi

1198 2196 1285 2230 Eil'et
1299 2221 1307 2235 ,
1328 2205 1421 2228 amor
1435 2219 1445 2234 ‚
1466 2207 1591 2239 quanto
1612 2200 1778 2244 flagrarint
1798 2203 1930 2245 pectora
1951 2201 2023 2236 zelo
2036 2227 2045 2243 ‚

1197 2245 1252 2278 Est
1274 2243 1469 2278 inconsueto
1490 2249 1621 2279 testatus
1642 2249 1739 2282 Fajco
1764 2252 1886 2285 volatu.

1198 2294 1225 2336 Ιχ
1238 2292 1267 2327 sa
1282 2304 1343 2340 ego
1363 2295 1472 2329 adhuc
1495 2299 1631 2329 memini
1647 2295 1801 2340 :sophico
1825 2304 1857 2334 in
1880 2300 2057 2334 certamine
2074 2301 2197 2339 Victor

1198 2344 1339 2383 Quando
1361 2352 1539 2378 coronatus
1562 2346 1667 2378 media
1692 2347 1867 2382 veheretur
1887 2350 1920 2382 in
1942 2353 2046 2392 urbe,

1196 2393 1403 2437 Ornaretque
1426 2397 1499 2436 pios
1520 2395 1706 2428 communis
1729 2395 1835 2430 laurea
1858 2410 1997 2438 currus,

1196 2442 1355 2474 Adstabat
1375 2446 1526 2484 juvenis,
1549 2447 1708 2483 memini,
1727 2445 1900 2489 stupefacta
1922 2448 2092 2492 triumpho

1190 2490 1281 2536 justa
1302 2493 1425 2524 leemt's
1439 2515 1447 2530 ,
1469 2491 1576 2525 limbo
1600 2490 1715 2526 faciem
1738 2501 1842 2530 velata
1866 2498 2019 2539 pudicam
2033 2522 2042 2537 ‚

1198 2540 1623 2582 WELLENIDEMQUE
1646 2541 1735 2575 suam
1756 2547 1796 2578 sic
1817 2546 1980 2582 invitabat
2002 2549 2040 2582 ad
2065 2546 2186 2585 aulam}

1196 2588 1301 2621 Chare
1319 2599 1401 2631 puer
1421 2588 1539 2623 dilecte
1562 2591 1636 2623 Deo
1649 2615 1658 2629 ,
1684 2594 1802 2627 sincera
1823 2597 1992 2631 bonorum
2167 2587 2186 2594 *⁷

1196 2637 1399 2682 Congeries‚
1424 2639 1456 2671 in
1480 2647 1510 2672 te
1533 2642 1652 2673 veteris
1672 2642 1801 2686 vestigia
1825 2645 1905 2678 recti
1920 2668 1930 2683 ,

1195 2685 1239 2722 Et
1262 2687 1380 2723 uteros
1398 2689 1494 2723 video
1515 2699 1625 2724 mores
1648 2690 1786 2727 meliore
1808 2693 1966 2729 metallo:
