2414 3105
219 109 251 167 8
681 96 1008 184 Algemeyne
1048 95 1445 182 Verzamelinge
1472 98 1560 160 der
1589 96 1812 162 Werken

976 219 1189 245 -ι-ῥΐῐι

219 205 360 297 aa

212 298 400 357 Praenobili,
420 318 605 351 Reverendo
618 316 792 349 Admodum
819 314 1047 356 Doffiffimoque
1060 314 1217 350 Domino,
1238 312 1375 345 Domino
1388 311 1577 356 JACOBO
1591 313 2002 362 THOMAEJOSEPHO
2025 313 2280 352 WELLENS,

260 366 486 411 ,Antverplenfi
506 366 632 410 insigms
660 364 749 399 Eccl.
773 364 842 396 Coll
874 363 905 395 S.
919 364 1032 408 jacobi
1054 364 1213 406 Anrverp.
1243 361 1398 394 Canonico
1424 361 1457 392 S.
1480 362 1526 394 R.
1552 362 1593 394 E.
1610 364 1756 397 Dracone
1770 387 1780 403 ‚
1796 366 1827 397 S.
1849 365 1882 397 T
1880 365 1955 397 heol.
1976 365 2075 397 Bacc.
2095 364 2233 407 formato
2249 365 2284 397 in

259 419 451 451 celeberrimo
471 416 658 461 Paedagogio
680 413 942 452 FALCONIS,
963 411 1131 455 Profcffiri
1151 411 1338 454 Digmffimo
1361 410 1489 443 Recens
1512 410 1619 451 elelffo,
1640 414 1688 445 die
1716 414 1754 447 18
1779 415 1868 448 Mati
1893 421 1994 457 1751.

212 479 293 589 Q
308 534 383 568 Uis
409 531 490 567 mihi
513 540 709 576 magnorum
731 525 909 573 penetralia
930 527 1073 571 pandere
1094 535 1210 564 vatum

213 584 365 621 Audeat,
379 585 411 616 &
427 585 525 616 Sacro
537 578 722 624 perculsum
736 579 848 622 pectus
861 577 902 611 ab
913 578 1010 610 oestro

212 635 253 667 In
274 642 431 666 numeros
448 629 668 675 Thymbraeus
687 637 779 674 agat,
796 630 869 673 quis
891 625 1016 659 torrida
1036 625 1163 661 dudum

213 683 323 717 Labra
342 679 505 715 caballino
525 676 655 713 rursum
673 680 731 712 det
753 685 901 722 mergere
923 672 1037 713 fonte,

213 733 329 776 Atque
353 729 545 764 intermissas
569 726 687 761 reserat
711 727 792 760 mihi
814 723 948 771 pegasus
972 724 1104 759 undas?

213 782 317 822 Queis
340 789 438 813 cantu
465 777 630 811 celebrare
653 785 770 822 queam
792 798 802 815 ‚
826 773 878 809 vel
901 772 1060 817 Apolline
1083 772 1186 819 digno

215 828 501 863 WELLENUM
510 851 521 867 ,,
534 829 564 860 &
576 830 709 860 meritos
722 849 731 864 ‚
750 834 787 858 ut
799 835 872 867 par,
883 824 1047 856 deducere
1059 823 1210 857 honores.

213 877 309 912 Talia
334 879 412 911 dum
440 886 587 909 memoro
601 899 610 914 ‚
633 873 744 909 surdas
764 875 855 908 Deus
878 871 1020 906 obstruit
1039 882 1134 906 aures
1152 884 1162 906 ;

215 925 352 973 Pegasus
366 950 376 967 ,
395 924 499 960 inviso
524 924 676 958 veniente
689 947 698 962 ‚
721 922 907 956 recalcitrat
926 922 1063 954 horrens
1083 933 1090 954 :

215 978 260 1014 Et
283 974 395 1009 nullos
415 975 581 1016 (Grudiis
605 981 695 1007 vates
714 982 788 1005 nam
807 972 909 1005 deess'e
929 971 1142 1016 queruntur)

216 1027 368 1060 Invenias
380 1047 389 1062 ,
411 1022 519 1068 dignis
540 1020 722 1056 describere
741 1021 882 1054 versibus
900 1028 993 1063 aptos

217 1073 513 1108 WELLENUM.
540 1070 641 1105 Periit
660 1072 846 1104 nostrorum
864 1068 971 1116 gloria
992 1077 1105 1103 vatum

214 1124 413 1161 Kerckerus,
433 1119 533 1155 latios
551 1124 638 1155 inter
663 1119 832 1154 distinctus
854 1121 1042 1158 Homeros·,

217 1173 295 1213 Quo
318 1179 476 1215 pereunte
489 1194 498 1209 ‚
525 1168 617 1203 simul
640 1167 746 1202 Musae
765 1168 889 1212 periiss'e
907 1168 1079 1207 videntur;

219 1223 333 1266 Atque
354 1223 585 1265 Aganippeas,
609 1228 689 1264 quas
708 1217 787 1251 olim
809 1216 889 1261 saepe
912 1217 1093 1256 biberunt,

216 1270 411 1307 subtraxisse
433 1270 558 1307 undas,
582 1266 720 1301 Grudiis
745 1270 846 1301 iratus
868 1264 1005 1309 Apollo.

219 1318 608 1361 Quale—tamen-cumque
634 1317 697 1354 est,
717 1315 814 1350 liceat
832 1324 964 1350 cantare
983 1314 1109 1348 coacto.

219 1369 297 1404 Hoc
315 1378 396 1414 ege,
419 1369 437 1403 fi
461 1366 613 1410 precibus
635 1366 770 1404 cedens,
788 1368 818 1399 δι
834 1364 929 1408 plura
953 1366 1093 1399 merenti

220 1418 456 1452 WELLENO
475 1413 612 1454 faciam,
635 1413 715 1449 mihi
736 1412 824 1448 forte
849 1411 996 1459 ignoscet
1014 1411 1153 1456 Apollo,

219 1464 356 1511 Ignosce
371 1466 412 1500 o!
438 1466 685 1504 WELLENS‚
707 1461 828 1509 vosque
842 1464 882 1497 o!
903 1460 1061 1508 ignoscite
1080 1461 1193 1497 Amici
1207 1484 1217 1503 ‚

219 1516 294 1549 Este
320 1514 421 1553 boni,
444 1511 652 1559 placidasque
673 1516 752 1546 meis
773 1514 845 1546 date
865 1512 1016 1546 cantibus
1039 1522 1143 1544 aures.

221 1565 311 1609 Ergo
335 1572 373 1597 ut
396 1565 553 1606 procedat
571 1562 747 1597 deductum
769 1562 810 1595 ab
827 1565 957 1606 origine
977 1570 1107 1593 carmen
1122 1583 1133 1601 ,

221 1614 336 1655 Quum
358 1609 503 1655 primum
523 1621 601 1646 nato
619 1612 710 1645 dedit
730 1609 932 1644 incunabula
956 1610 1102 1654 gaudens

223 1665 416 1706 Andoverpa
436 1659 517 1701 suo,
540 1661 642 1698 Pallas
659 1660 813 1694 iaetiffima
834 1668 949 1703 partu,

224 1709 443 1748 Accelerante
467 1712 569 1755 gradu
591 1721 690 1744 cunas
714 1710 818 1753 petit,
836 1709 936 1742 altera
957 1712 1071 1742 nutrix

224 1761 385 1799 Afflatura
399 1762 547 1799 animos,
569 1760 667 1794 rebus
690 1757 886 1794 sublimibus
906 1766 1021 1801 aptans

224 1810 419 1854 Ingenium,
437 1807 531 1843 lateri
553 1818 663 1842 manet
683 1805 835 1841 indefessa
857 1807 995 1841 clientis.

225 1856 341 1891 Cresce
364 1868 464 1901 puer,
489 1858 593 1897 dixit,
617 1855 760 1891 crescent
781 1858 859 1890 dum
884 1854 997 1890 crescis
1015 1857 1167 1890 honores.

222 1908 339 1941 Crevit
352 1929 361 1945 ,
381 1909 411 1939 δε
432 1905 465 1939 in
486 1914 627 1953 quantos
646 1917 727 1950 puer
746 1905 800 1939 hic
818 1904 981 1942 succrevit
1004 1906 1167 1941 honores!

225 1954 502 2001 succrescetque!
529 1959 658 1996 utinam
679 1954 786 1999 superi
809 1966 879 1988 mea
901 1965 980 1990 vota
1002 1954 1200 1997 secundent!

226 2005 396 2040 Cunarum
416 2006 485 2039 laus
506 2008 550 2039 est
567 2007 670 2038 Sociis
695 2004 880 2049 praecellere
903 2006 1038 2045 cunctis.

227 2054 377 2088 ‘Vincere
398 2053 496 2093 ludus
513 2063 585 2093 ⁴erat
602 2064 726 2099 puero,
745 2055 926 2099 juvenique
946 2054 1089 2090 Sodales.

230 2105 259 2136 O
279 2107 408 2147 quoties
427 2104 533 2138 doe'tae
556 2107 734 2146 rapientem
759 2105 846 2137 dona
867 2103 1018 2147 palaestrae

230 2152 407 2194 Obstupuit
429 2152 545 2188 Pallas!
568 2156 698 2198 quoties
719 2154 817 2186 corda
836 2152 954 2186 aemula
978 2154 1078 2189 vicit!

234 2201 317 2238 Non
339 2201 425 2235 [ecus
445 2213 482 2242 ac
501 2201 590 2236 Circi
609 2206 784 2236 certamine
805 2201 911 2235 vietor
929 2201 1079 2236 Achilles

236 2250 418 2289 Antevolat
438 2253 574 2284 cunctos
588 2275 598 2290 ‚
618 2251 787 2287 redimitus
808 2260 956 2294 tempora
974 2252 1074 2286 lauris

237 2299 434 2342 Perpetuum
452 2303 582 2336 florens.
607 2299 749 2334 Tantum
772 2302 917 2337 cecidisse
936 2303 1065 2342 videtur
1077 2325 1086 2341 ,

238 2351 297 2388 (Si
318 2357 423 2381 tamen
444 2351 508 2382 hoc
528 2348 673 2383 cecidisse
693 2347 783 2391 fuit)
807 2352 885 2385 dum
910 2350 995 2385 sorte
1020 2349 1182 2391 noverca,

239 2395 363 2435 Nescio
381 2408 448 2442 quo
470 2396 559 2438 fato,
578 2410 685 2432 nonus
706 2399 907 2433 Dialec‘ticus
927 2400 1029 2434 audit.

241 2446 327 2478 Cum
350 2444 500 2480 Dominis
523 2448 643 2481 flebant
660 2449 763 2487 Socii,
785 2447 995 2493 indoluitque
1019 2449 1195 2491 Minerva;

243 2494 414 2539 (Indoluit
434 2495 558 2529 tantum
573 2519 582 2533 ι,
605 2508 711 2542 neque
731 2497 817 2530 enim
839 2496 973 2531 caelestia
995 2499 1077 2543 tingi

243 2545 309 2577 Ora
334 2543 411 2577 licet
433 2544 609 2587 lacrymis)
628 2557 705 2578 mox
725 2546 820 2580 illum
844 2544 994 2580 blandius
1019 2547 1082 2590 ipsa

244 2592 404 2630 Hortari,
428 2602 524 2638 atque
547 2598 692 2628 animum
710 2596 819 2629 verbis
837 2596 1015 2629 accendere
1035 2599 1167 2631 amicis:

246 2641 301 2677 Tu
322 2643 363 2674 ne
385 2644 460 2675 cede
485 2641 577 2676 malis
591 2666 600 2683 ‚
621 2642 676 2678 sed
698 2654 813 2679 contra
833 2645 1007 2679 audentior
1029 2649 1076 2679 ito
1090 2670 1101 2685 .

1278 522 1493 569 Majoresque
1515 524 1598 561 scias
1618 525 1696 562 alias
1715 526 1869 573 supereffe
1890 539 2058 569 coronas,

1281 573 1396 620 Atque
1420 573 1498 608 alias
1520 576 1661 617 multas,
1679 578 1843 615 virtutum
1863 579 2015 623 praemia,
2033 579 2145 613 lauros
2167 590 2175 612 τ

1276 624 1296 665 ζ
1308 623 1375 655 Has
1392 622 1484 657 simul
1503 626 1660 666 ostendit,
1683 628 1837 662 manibus
1860 639 1935 662 nam
1957 626 2046 662 forte
2065 628 2199 662 tenebat
2214 630 2238 670 )⁴

1277 671 1391 704 Macte
1408 671 1525 707 animis
1537 697 1547 713 ‚
1566 675 1672 709 aderit
1691 687 1761 711 non
1787 677 1993 721 deplorabile
2016 686 2147 721 tempus
2159 699 2171 717 ,

1278 721 1354 762 Quo
1377 718 1498 754 referes
1516 722 1590 757 illas
1604 746 1614 762 ,
1632 726 1752 768 pompa
1771 727 1910 762 victrice
1925 751 1934 766 ‚
1959 737 2111 761 coronas.

1277 770 1354 802 Nec
1377 780 1494 812 mora;
1520 779 1684 806 certamen
1704 775 1884 817 Sophicum
1900 776 2055 811 Falconis
2073 776 2107 809 in
2126 785 2201 809 arce

1278 816 1414 852 Fortius
1436 821 1646 866 aggrediens,
1665 821 1814 869 viresque
1836 824 2026 873 animosque
2049 823 2215 863 resumsit,

1278 865 1388 902 Ausus
1412 871 1442 902 δι
1460 871 1584 905 afflictis
1604 870 1724 905 melius
1744 874 1908 908 confidere
1927 875 2050 913 rebus3
2225 867 2227 870 ⁴

1280 916 1414 950 Fortior
1439 927 1478 952 ut
1497 920 1605 954 victus
1622 925 1741 964 repetit
1762 933 1849 957 nova
1870 922 1981 966 praelia
2005 920 2100 956 miles

1281 966 1420 1018 Ingenio
1440 967 1504 1001 hic·
1518 966 1698 1005 famulante
1711 994 1720 1010 ‚
1741 980 1841 1017 atque
1859 970 2018 1015 aspirante
2039 966 2197 1005 Miner-v&
2209 991 2222 1009 ,

1280 1016 1452 1060 Quicquid
1472 1017 1668 1052 Aristoteles
1693 1022 1896 1065 gradiendo,
1915 1023 2008 1055 Zeno
2031 1021 2201 1060 canendo,

1279 1064 1450 1108 Quicquid
1471 1066 1675 1113 Pythagoras
1697 1073 1808 1112 potuit
1828 1070 1972 1104 docuiffe
1994 1069 2115 1103 silendo
2130 1093 2142 1110 ‚

1280 1112 1410 1148 Flendo
1430 1115 1641 1165 Heraclitus„
1663 1120 1823 1164 quicquid
1846 1123 2032 1154 contrarius
2057 1118 2112 1162 ipsi

1281 1161 1499 1199 Democritus
1521 1166 1679 1206 ridendo,
1700 1179 1871 1213 unumque
1891 1169 2041 1214 nihilque
2062 1166 2199 1204 sciendo

1280 1211 1437 1263 Αέζωυε,
1457 1216 1637 1258 qumi-endo
1660 1217 1829 1251 hominem
1849 1229 1925 1251 curn
1948 1218 2025 1252 luce
2053 1216 2236 1260 Sinopeus.

1280 1262 1452 1313 Quicquid
1473 1264 1632 1297 Cartefius
1653 1266 1840 1301 dubitando
1855 1291 1864 1307 ‚
1879 1270 2022 1313 denique
2042 1267 2204 1312 quicquid

1281 1309 1416 1343 Visibus
1436 1310 1590 1349 humanis
1614 1323 1731 1348 natura
1750 1327 1894 1350 noverca
1918 1316 2051 1362 negavit
2064 1339 2074 1355 ς

1282 1358 1401 1413 Mente
1421 1360 1516 1402 polos
1534 1363 1647 1397 adiens
1660 1387 1670 1402 ‚
1688 1365 1797 1399 oculis
1814 1365 1878 1399 hoc
1897 1367 2040 1410 pectoris
2064 1365 2175 1399 hausit,

1282 1408 1358 1442 Nec
1378 1407 1452 1462 latis
1474 1411 1519 1447 est
1540 1411 1690 1453 hausisse,
1714 1414 1820 1458 palam
1844 1414 1899 1451 sed
1928 1416 2046 1449 cuncta
2062 1418 2171 1455 tueri,

1282 1458 1327 1490 Et
1349 1459 1500 1492 conterre
1521 1461 1656 1503 pedem,
1674 1467 1834 1508 varioque
1852 1464 2011 1500 examinis
2033 1465 2109 1498 aestu

1284 1506 1445 1547 Tentari,
1476 1509 1564 1542 haud
1587 1512 1716 1553 trepido
1739 1513 1939 1547 titubantem
1961 1515 2092 1547 haerere
2114 1510 2247 1556 palato;

1284 1556 1364 1590 Hoc
1390 1565 1473 1608 opus
1496 1557 1551 1591 hic
1571 1556 1666 1592 labor
1685 1562 1752 1595 est‘:
1766 1566 1879 1604 paucis
1899 1573 1935 1596 ea
1955 1563 2062 1608 gloria
2083 1562 2177 1595 ceflit.

1286 1606 1335 1637 At
1356 1612 1386 1636 te
1406 1603 1587 1640 1olventern
1610 1618 1716 1643 nexus
1731 1633 1740 1648 ‚
1761 1610 1932 1658 nodosque
1950 1611 2114 1645 secantem

1286 1653 1494 1696 Implicitos‚
1512 1657 1651 1699 Sophica
1674 1658 1832 1694 victorem
1855 1661 1945 1696 exire
1969 1659 2130 1704 palaestra‘

1285 1703 1491 1745 Obstupuere
1509 1715 1624 1739 omnes
1640 1719 1646 1739 z
1666 1705 1762 1744 scires
1783 1709 1800 1743 a
1818 1710 1949 1744 Pallade
1965 1710 2111 1743 doctum.

1285 1753 1338 1785 Sic
1356 1753 1511 1796 equidem
1532 1754 1698 1789 ducebam
1720 1762 1831 1792 animo
1845 1783 1854 1799 ‚
1875 1759 2038 1804 rebarque
2056 1756 2209 1792 futurum
2225 1781 2237 1799 ,

1285 1802 1450 1854 Tempora
1470 1804 1683 1839 dinumerans
1696 1817 1782 1845 ‚nec
1809 1819 1862 1842 me
1884 1818 1954 1841 mea
1976 1819 2056 1845 cura
2075 1806 2204 1842 fefellit.

1286 1851 1452 1883 Omnibus
1470 1862 1511 1885 ex
1534 1857 1621 1887 votis
1643 1855 1734 1901 pugil
1754 1861 1900 1901 optimus
1916 1856 2131 1891 acclamatur.

1286 1899 1541 1952 Quistplausum
1565 1902 1655 1936 illius
1675 1904 1785 1946 lucis,
1808 1906 1881 1952 quis
1899 1908 2018 1952 gaudia
2041 1903 2141 1939 fando

1288 1949 1463 2002 Explicet,
1488 1958 1545 1983 aut
1566 1953 1658 1994 poffit
1679 1953 1811 1989 calamis
1833 1966 1962 2001 aequare
1982 1954 2194 1999 triumphos?

1288 1999 1416 2031 Patria!
1437 1996 1609 2041 spectatrix
1632 2004 1663 2035 &
1683 2008 1755 2038 noti
1776 2004 1906 2041 conscia
1927 2004 2078 2049 plausus,

1288 2048 1360 2088 (Et
1381 2049 1556 2083 meminiffe
1571 2058 1663 2093 potes
1677 2075 1687 2092 ,
1706 2054 1803 2088 nobis
1824 2065 1967 2100 namque
1985 2053 2050 2099 ipsa
2067 2054 2181 2089 dedisti
2193 2077 2205 2093 ,

1289 2097 1398 2137 Quam
1418 2101 1567 2136 canimus
1583 2106 1765 2145 pompam)
1788 2115 1862 2149 quae
1884 2115 1951 2138 non
1975 2103 2109 2150 insignia
2125 2103 2261 2137 laudum

1290 2146 1502 2192 Musici-aque
1522 2151 1553 2181 &
1579 2149 1696 2185 titulos
1722 2153 1840 2187 Victor
1866 2154 1964 2188 tulit!
1990 2153 2052 2187 Ille
2070 2162 2205 2197 penates

1291 2196 1418 2235 Intrat,
1435 2200 1466 2230 &
1486 2196 1621 2235 altisona
1643 2203 1776 2236 testatur
1795 2211 1887 2238 turre
1907 2204 2040 2237 boando

1294 2244 1426 2282 Gaudia
1446 2248 1599 2280 CAROLUS
1623 2250 1760 2286 (Patrio
1781 2255 1821 2286 sic
1841 2257 1976 2286 nomine
2000 2252 2142 2292 dicunt)

1294 2295 1421 2340 Magna
1442 2295 1654 2339 triumphales
1673 2301 1754 2334 dant
1774 2300 2018 2337 tintinnabula,
2038 2302 2132 2333 testes

1295 2346 1454 2385 Laetitiae,
1469 2348 1612 2380 Sonitus.
1647 2350 1764 2394 Egreffi
1786 2351 1945 2384 maenibus
1967 2347 2085 2383 adsunt

1295 2394 1474 2439 Fulgentes
1492 2395 1525 2428 in
1547 2396 1640 2439 equis
1660 2398 1789 2444 pugiles
1803 2422 1811 2437 ,
1831 2401 1944 2433 Paeana
1964 2408 2136 2438 canentes,

1296 2444 1389 2484 Quos
1401 2444 1475 2482 data
1488 2443 1576 2477 scuta
1590 2455 1707 2480 notant
1717 2447 1908 2493 ,laurosque
1919 2451 1947 2482 &
1956 2451 2043 2483 dona
2055 2447 2204 2483 ferentes.

1297 2493 1478 2526 Aureliana
1495 2495 1624 2527 Cohors
1645 2496 1738 2529 dicta:
1756 2498 1836 2529 Dux
1854 2502 2000 2540 proxima
2024 2508 2142 2532 turma:
2157 2520 2166 2535 2

1296 2543 1496 2586 Laurigeros
1519 2544 1671 2577 hortatur
1693 2555 1797 2589 equos
1812 2569 1821 2585 ,
1843 2545 1996 2586 desudat,
2017 2550 2048 2581 δε
2069 2547 2188 2581 instans

1297 2592 1468 2633 Imperiis,
1490 2596 1594 2636 equiti
1618 2604 1724 2627 mores
1742 2597 1771 2627 &
1794 2596 1905 2628 munia
1929 2600 2033 2640 ponit.

1297 2639 1365 2684 Ipse
1385 2643 1626 2687 triumphator,
1642 2643 1781 2687 Sophica
1801 2645 1980 2679 comitante
2000 2643 2149 2683 caterva,

2171 2693 2295 2728 Prove-
