2414 3105
207 186 315 250 124

199 268 360 309 improvisa
379 272 474 296 morte
499 264 515 294 ἐ
540 263 639 294 medio
660 263 752 295 tolli?
778 261 828 292 An
851 271 910 293 non
923 263 1032 303 putatis
1045 262 1074 291 in
1089 262 1133 291 his
1148 272 1196 306 ca-

201 311 275 338 libus
299 306 414 346 impleri
446 305 626 344 quandoque
649 303 727 335 Justa
750 302 808 331 Dei
832 302 971 338 Judicia,
993 302 1045 341 qui
1068 302 1196 339 promilit

199 348 319 386 quidem
341 344 552 377 Poenitentibus
574 342 688 373 veniam
702 363 711 378 ,
730 342 777 371 sed
803 351 961 381 numquam
983 341 1112 380 promisit
1127 350 1198 379 pec-

199 387 334 419 cantibus
356 384 506 415 crastinum
522 386 534 411 '3

239 428 354 463 (Falso
371 427 424 463 fibi
446 425 588 452 blanditur
601 422 763 459 peccator.)
785 420 870 449 Falss
900 420 998 457 itaque
1019 420 1127 450 fiducia
1148 419 1197 450 fibi

198 466 391 495 blandiuntur
412 470 583 501 peccatores
597 483 606 496 ,
627 461 656 490 &
670 459 809 499 quoniam
820 462 877 497 jugo
892 460 1000 497 pluries
1013 460 1027 487 a
1041 459 1111 488 statu
1127 469 1198 498 pec·
1230 469 1233 470 ⁷

202 505 261 534 cati
273 502 452 533 resurrexill'e
467 503 493 531 se
507 499 664 531 existimant
677 520 686 534 ,
699 498 765 528 ideo
778 508 925 537 perperam
940 498 990 527 fibi
1003 498 1175 536 persuadent
1188 521 1198 533 ,

200 545 230 575 id
243 545 352 582 semper
366 544 395 571 in
407 542 455 570 sua
469 541 600 570 futurum
614 539 773 577 potestate;
790 537 819 567 ἃ
834 538 930 566 rursus
940 557 949 570 ,
960 537 1012 566 ubi
1029 537 1198 571 voluerint,

199 584 228 613 se
251 583 281 612 nt
297 591 363 611 ante
386 581 533 610 evasuros.
554 579 735 616 perpendant
749 577 790 605 illi
803 578 966 614 exemplum
980 596 991 610 ‚
1004 577 1085 613 quod
1101 577 1154 605 hac
1166 576 1196 605 in

201 622 322 652 materia
341 622 499 660 suppedeat
519 618 606 648 nobis
628 617 729 646 infelix
748 615 876 645 Samson*
900 615 998 646 Judex
1020 615 1068 644 1110
1087 615 1197 653 Populi

202 663 291 694 Israel
304 681 312 695 ‚
325 669 424 689 amore
438 658 540 687 Dalilae
551 657 685 686 11111οἐ105
695 657 771 693 ,jam
787 654 895 693 pluries
913 654 1041 683 illuserat
1055 654 1200 683 infidianti

203 701 319 731 mulieri
334 720 343 734 ‚
364 699 393 728 ἃ
411 696 649 727 evident'usimum
672 694 848 733 captivitatis
860 693 1024 732 periculum
1046 695 1174 722 evaserat
1190 704 1197 722 :

203 741 252 770 sed
266 741 375 777 semper
391 737 582 766 nihilominus
600 735 770 763 inveteratae
792 732 908 771 pallioni
927 732 1081 769 indulgens
1096 752 1104 766 ,
1120 732 1149 760 δε
1169 732 1199 761 in

204 779 299 818 priori
309 786 431 816 pergens
442 776 584 809 caecitate,
598 774 714 802 tandem
730 772 822 810 aperit
834 771 1031 800 Fortitudinis
1045 771 1102 799 sure
1117 772 1201 809 Mys-

204 818 310 848 terium
326 829 332 846 :
349 818 404 845 liae
427 815 526 844 11311113
547 813 652 843 noritia
676 820 764 849 caput
782 811 842 847 ejus
858 809 932 839 radit
947 809 1043 839 Dalila
1053 810 1201 847 solitoque

204 867 287 887 more
306 858 340 886 ad
362 864 427 884 eum
448 855 571 883 clamat:
592 852 689 889 (Jud.
712 850 778 885 16.)
803 851 1063 887 Pt'zilistlziimsuper
1082 860 1106 877 te
1119 852 1200 877 Sam-

199 900 265 934 fim.
287 897 343 925 Sed
356 894 426 932 quid
440 893 488 922 ille
501 894 514 920 9
540 893 687 925 Desbmno
707 892 868 928 confingens
882 908 891 922 ,
914 888 1009 925 inquit
1028 887 1179 926 Scriptura
1191 907 1201 922 ‚

207 940 284 965 dia-it
307 940 335 964 1¹11
360 937 452 961 animo
467 934 519 967 suo
534 942 542 959 :
556 930 753 969 egrediar-ficut
763 931 829 957 αηιὲ
844 930 903 964 fici
913 947 922 960 ,
947 932 974 955 ζ’
989 940 1029 956 me
1041 932 1178 956 est-sutiam
1192 947 1201 961 ,

207 980 330 1012 nesbiens
350 974 425 1010 quod
443 972 572 1008 receffi'ffer
594 972 630 996 ab
652 980 681 997 eo
691 971 831 996 Dominus
847 979 852 997 ε
867 975 955 1004 atque
966 966 1005 995 ὶῑὲι
1019 967 1120 996 infelix
1131 968 1180 995 ille
1192 987 1202 1000 ‚

205 1015 310 1053 saepins
330 1014 364 1041 ad
390 1011 518 1040 eamdem
531 1010 666 1038 interitus
679 1007 861 1036 occasionem
875 1006 1006 1040 rediens,
1028 1009 1141 1035 tandem
1155 1007 1202 1034 in-

207 1055 324 1083 teritum
346 1052 427 1080 suum
446 1049 585 1082 invenit,
615 1047 644 1076 ἅ·
661 1046 849 1075 inimicorum
876 1045 1037 1074 ludibrium
1052 1045 1143 1074 saC‘tus
1157 1045 1204 1074 est.

247 1093 361 1122 Eodem
377 1088 461 1128 plane
480 1089 569 1116 modo
590 1087 648 1123 agit
661 1094 800 1123 peccator
813 1108 821 1119 ‚
840 1084 944 1122 saepicis
960 1084 989 1113 in
1009 1086 1109 1113 eadem
1129 1086 1204 1112 rela-

208 1133 280 1160 bens
305 1130 435 1159 crimina.
459 1127 516 1165 Spe
538 1126 616 1154 inani
634 1125 662 1154 se
680 1125 764 1153 138111
782 1135 787 1153 ;
809 1127 964 1163 Εὲνεόὶαπ,
983 1123 1055 1152 dicit
1074 1124 1148 1152 intra
1162 1124 1205 1151 se-

209 1170 360 1208 metipsum
376 1190 384 1202 ,
398 1169 468 1206 ficut
491 1167 556 1193 ante}
573 1168 650 1200 feci,
672 1166 698 1191 C*
719 1175 760 1191 me
780 1167 929 1191 excutiam.
958 1162 1016 1191 Sed
1037 1163 1094 1191 heu
1120 1162 1206 1190 mise-

208 1212 292 1239 rum!
319 1209 386 1245 quia
405 1205 510 1235 receffit
531 1207 565 1232 ab
587 1216 616 1232 eo
630 1206 791 1236 Dominus,
811 1209 947 1231 excutere
972 1202 1072 1238 nequit
1091 1201 1206 1240 peccati

210 1249 332 1278 vincula
345 1266 353 1280 ,
376 1244 558 1283 impoenitens
577 1243 724 1276 moritur,
742 1241 771 1271 &
792 1243 890 1280 praeda
912 1242 1077 1269 daemonum
1096 1241 1206 1269 evadit.

250 1291 266 1324 (
281 1288 429 1316 Εεεὲιίίνω
442 1286 594 1321 [11]ρεέῖοω
608 1285 684 1317 fin-it
700 1285 836 1317 priorem,
861 1292 941 1317 quam
963 1284 1019 1318 egit
1033 1300 1041 1312 ,
1061 1283 1206 1308 Pcenitetz-

211 1328 315 1361 tiam.)
339 1323 496 1355 Intercedit
521 1330 639 1354 tamen,
659 1320 836 1348 Dileffissimi
850 1342 859 1353 ,
880 1321 937 1348 lata
965 1320 1098 1355 quaedam
1129 1319 1206 1347 inter

209 1366 375 1397 Samsonem
402 1362 430 1391 δε
453 1363 530 1390 hunc
544 1368 729 1399 peccatorem
751 1359 913 1396 disparitas.
936 1357 1053 1395 Nempe
1073 1367 1132 1387 non
1150 1357 1206 1386 fine

212 1404 299 1434 causa
321 1403 477 1431 videbatur
499 1401 596 1429 dicere
619 1397 781 1426 fortillimus
802 1399 850 1426 ille
872 1397 1043 1426 Hebraeus:
1071 1399 1209 1435 Egredi.zr

205 1447 277 1483 firm
303 1443 369 1469 ante*
381 1443 433 1474 feci
444 1460 452 1474 ‚
469 1442 495 1467 C«
509 1451 548 1467 me
568 1441 708 1466 asturiam
719 1459 727 1470 ,
741 1436 809 1474 quia
829 1436 945 1464 realiter
963 1436 1124 1474 disruperat
1139 1436 1207 1465 vin-

212 1484 280 1511 01113
302 1474 409 1518 quibus
429 1478 568 1507 antennis
590 1476 705 1505 vicibus
728 1476 833 1512 ligatus
854 1474 968 1503 fuerat:
988 1475 1035 1503 sed
1058 1483 1092 1503 an
1107 1476 1206 1504 eadem

213 1522 320 1550 fiducia
347 1519 375 1547 δε
407 1517 530 1546 veritate
556 1517 653 1545 dicere
680 1515 773 1553 potest
795 1516 962 1552 peccator?
985 1518 1120 1552 Egrediar
1137 1517 1208 1551 ficu:

188 1562 279 1589 ‚ance'
292 1561 375 1594 feci?
399 1556 486 1585 Nihil
509 1558 585 1584 enim
617 1554 674 1588 est,
701 1554 779 1591 quod
812 1553 901 1589 magis
929 1552 1089 1590 suspefilam
1114 1553 1210 1582 reddit

210 1600 301 1638 ipsam
316 1595 515 1626 Poenitentiam
537 1593 649 1632 praevie
667 1595 777 1627 aetam,
796 1592 881 1629 qu‘am
904 1591 1040 1629 frequens
1060 1592 1208 1622 1111115110-

213 1638 300 1668 minis
324 1634 462 1672 relapsus.
498 1636 594 1671 Irrisbr
615 1636 670 1670 est,
696 1644 748 1661 non
764 1636 927 1669 poenitens,
948 1631 1044 1668 inquit
1067 1631 1208 1668 Augusti-

215 1687 290 1711 nus,
311 1680 356 1712 qui
377 1677 465 1702 adhuc
485 1677 543 1712 agit
563 1674 791 1710 quodpoenitnit.
822 1670 860 1698 Et
877 1679 943 1699 curn
966 1671 1131 1707 Augustino
1146 1680 1208 1700 uno

214 1726 269 1746 ore
291 1715 412 1743 afferunt
430 1713 529 1741 Patres
549 1720 669 1745 omnes,
683 1712 773 1741 solam
793 1709 871 1738 illam
894 1709 1050 1746 genuinam
1071 1709 1123 1738 else
1145 1711 1209 1739 Ρω-

216 1754 367 1785 nitent-iam
382 1773 391 1786 ,
411 1754 471 1780 dum
485 1754 526 1789 fit·
540 1761 694 1788 perpetrata
718 1753 793 1778 mala
809 1752 999 1787 planguntur,
1013 1760 1041 1777 ut
1049 1751 1211 1787 plangenda

217 1806 272 1822 non
292 1801 487 1831 perpetrentur.
520 1790 630 1828 Quidni
654 1790 744 1826 igitur
766 1787 869 1817 merito
893 1788 992 1816 timeat
1016 1789 1161 1826 relapsus,
1176 1798 1213 1817 110

216 1832 368 1868 hucusque
389 1830 487 1859 irrisor
507 1830 605 1867 potins
631 1831 716 1865 quam
739 1829 885 1857 Poenitens
907 1826 995 1854 fuerit
1009 1847 1018 1860 ,
1043 1835 1130 1864 atque
1144 1827 1211 1856 ideo

214 1871 294 1901 sorte
315 1878 471 1906 numquam
492 1869 574 1897 ante'a
589 1868 603 1897 0
618 1868 688 1903 statu
702 1866 817 1905 peccati
842 1865 964 1903 egressus
980 1866 1010 1894 sit
1023 1888 1032 1900 ‚
1046 1867 1093 1895 sed
1108 1867 1212 1896 contra

218 1912 308 1941 novis
328 1908 484 1945 sacrilegiis
510 1908 588 1936 suam
613 1907 762 1936 adauxerit
788 1906 1013 1933 damnationem.

258 1951 392 1986 (Quibus
418 1950 542 1975 recidivis
565 1950 622 1974 lzaec
650 1948 706 1983 fitz:
726 1947 893 1983 poriffimzlm
915 1947 1119 1980 applicanda.)
1151 1945 1215 1974 An-

219 1997 338 2026 tequam
367 1988 402 2015 de
428 1985 552 2015 terribili
577 1986 630 2014 hac
658 1984 781 2013 veritate
807 1983 893 2012 latius
920 1983 1100 2017 discurram,
1124 1983 1153 2012 &
1180 1992 1216 2012 ne

219 2027 340 2058 fortunis
369 2024 547 2063 imprudenti
577 2026 644 2053 zelo
673 2025 809 2061 laqueum
840 2022 968 2059 injiciam
991 2022 1134 2052 timoratis
1159 2022 1216 2051 illis

220 2063 430 2098 conlc'icntiis,
451 2072 516 2101 qua:
540 2063 614 2101 110ρέ
637 2063 692 2091 fine
717 2063 804 2091 03053
829 2063 864 2089 de
884 2061 1041 2104 praeteritis
1062 2062 1119 2090 suis
1143 2071 1217 2090 con-

219 2105 393 2135 tritionibus
412 2111 556 2138 anguntur
571 2103 600 2131 ἅ·
618 2109 779 2135 vexantur;
794 2108 859 2129 ante
878 2109 974 2129 omnia
991 2103 1217 2137 praenotandum

223 2145 281 2178 est,
301 2142 492 2175 Dileftiliimi,
512 2150 572 2170 non
593 2141 682 2170 statim
704 2149 739 2169 ex
759 2140 870 2177 relapsu
885 2159 894 2172 ‚
915 2140 943 2168 &
964 2141 1080 2175 quidem
1100 2139 1218 2176 aliquo-

222 2184 279 2212 ties
302 2182 425 2220 repetito
437 2202 446 2215 ‚
468 2179 569 2209 inferri
590 2180 667 2218 polle
682 2199 691 2214 ,
707 2179 801 2208 salsam
824 2178 904 2206 fuisse
919 2180 1132 2216 praecedentem
1147 2188 1218 2216 pec-

224 2222 334 2251 catoris
348 2220 561 2249 Ptenitentiam.
584 2219 675 2250 Iidem
691 2219 765 2247 enim
790 2218 910 2251 Patres,
931 2216 982 2254 qui
1005 2219 1132 2255 relapsus
1155 2226 1219 2253 gra-

224 2261 346 2290 vitatem
365 2259 437 2287 adeo
461 2259 646 2287 veliementer
667 2258 817 2287 inculcant
830 2276 839 2291 ,
861 2265 920 2286 non
933 2265 1028 2285 tamen
1043 2256 1110 2285 ideo
1124 2258 1158 2285 de
1173 2266 1221 2284 re-

226 2301 341 2330 labente
369 2298 578 2335 desperandum
605 2299 721 2326 docent.
761 2299 850 2325 IVemo
879 2299 936 2333 post
961 2306 1067 2323 centum
1084 2307 1221 2334 peccata,

229 2351 278 2367 nec
292 2342 349 2375 post
370 2340 443 2366 mille
462 2341 576 2366 crimina
590 2357 598 2371 ,
619 2340 650 2365 cle
671 2339 781 2364 Divina
803 2337 995 2370 blffericordiiz
1018 2338 1156 2373 desperet,
1176 2336 1223 2364 'm-

228 2378 295 2416 quit
311 2377 486 2412 Augustinus
503 2386 509 2406 3
527 2375 556 2404 ὃς
572 2376 697 2405 limiliter
713 2375 923 2404 chrisostomus
938 2379 1069 2413 :pet-casti
1083 2395 1091 2408 ,
1106 2374 1202 2412 inquit
1214 2393 1223 2407 ,

225 2420 379 2455 poenirerez
404 2418 503 2443 millies
520 2419 632 2453 peccasti
646 2435 655 2449 ‚
674 2417 774 2442 millies
789 2417 933 2451 poem'zere.
959 2415 997 2443 Et
1015 2413 1146 2452 profefib
1161 2412 1223 2451 post

231 2454 427 2494 peonitentiam
442 2454 527 2482 etiam
541 2455 661 2483 maxime
678 2453 814 2482 intensam
832 2452 861 2481 δε
877 2454 1010 2481 sinceram
1025 2474 1033 2486 ,
1047 2454 1137 2481 homo
1153 2453 1225 2480 sem-

232 2503 284 2533 per
303 2500 394 2520 manet
417 2493 575 2530 peccabilis
589 2513 597 2526 ,
619 2493 750 2522 infirmus
765 2511 773 2525 ,
791 2492 1032 2530 concupiscentia
1048 2491 1166 2520 radicali
1179 2491 1226 2520 in-

231 2529 347 2564 fenus,
376 2540 407 2558 ac
431 2531 569 2560 (1311101115
591 2531 734 2569 subjeftus
761 2531 926 2560 insultibus.
959 2530 1044 2559 Nihil
1071 2531 1160 2567 igitur
1190 2529 1227 2558 est

233 2571 317 2609 quod
333 2571 468 2597 miremur
480 2591 488 2603 ,
507 2571 525 2598 11
544 2571 619 2599 idem
641 2572 688 2600 ille
706 2571 816 2604 1101110,
831 2570 882 2607 qui
903 2570 987 2599 semel
1002 2578 1153 2607 peceatum
1169 2569 1228 2598 lin-

235 2609 302 2639 0010
320 2607 470 2637 detestatus
495 2609 531 2636 est
546 2632 552 2642 ‚
578 2610 676 2646 postea
700 2616 796 2638 tamen
812 2629 820 2642 ,
847 2619 906 2637 11011
928 2609 1056 2637 obstante
1083 2608 1162 2645 quod
1178 2608 1227 2636 nbi

233 2648 391 2684 invigilet,
412 2647 489 2683 quod
513 2649 640 2676 animum
664 2648 828 2686 (qnantum
853 2647 970 2685 potest)
991 2647 1133 2676 custodiat
1151 2669 1158 2680 ,
1181 2656 1227 2674 re-

235 2687 355 2728 pentina
369 2686 502 2715 1011001115
527 2688 696 2722 0001110110,
710 2688 874 2716 vehementi
895 2686 1023 2725 pulsatus
1045 2686 1227 2720 tentatione,

894 160 1218 223 Exhortatio
1271 155 1527 248 vigesima*
1551 205 1569 234 ‚

1265 262 1457 299 propriaeqne
1477 260 1726 301 concupiscentiae
1744 260 1850 301 pressus
1873 260 1980 292 aculeo
1994 283 2002 296 ‚
2021 260 2192 292 succumbat
2207 261 2264 292 ite-

1266 300 1327 328 rato
1340 320 1350 335 ,
1371 301 1399 329 &
1423 302 1516 339 priori
1539 302 1646 330 scelere
1659 321 1668 335 ‚
1688 303 1769 338 quod
1791 302 1936 336 fleverat,
1955 302 2175 339 coinquinetur.
2200 302 2264 330 Re-

1264 340 1396 368 labentes
1415 340 1602 378 hujusmodi,
1624 340 1675 378 qui
1689 341 1795 370 lineet-e
1819 340 1959 370 adhibitis
1973 342 2076 370 mediis
2089 362 2098 375 ,
2121 341 2267 370 evitando

1265 386 1389 416 peccato
1411 379 1548 413 idoneis,
1569 379 1757 409 nihilominus
1777 389 1837 419 prae
1857 380 2023 409 infirmitaee
2040 381 2197 418 aliquando
2214 389 2262 408 re—

1265 419 1387 451 cidunt,
1405 418 1479 447 bene
1492 419 1528 446 de
1542 419 1569 447 se
1581 419 1693 456 sperare
1712 419 1826 457 poliunt
1841 441 1849 453 ‚
1870 420 2033 449 dummodo
2051 419 2081 448 in
2096 418 2264 454 Adjutorio

1266 457 1381 486 Divino
1408 459 1589 486 confidentes
1603 477 1613 491 ,
1633 457 1692 486 cito
1713 459 1859 496 resurgant
1873 478 1883 492 ,
1903 460 1984 496 quod
2004 459 2080 496 stepe
2101 458 2166 496 iplis
2187 466 2263 486 con-

1265 495 1343 525 cedit
1366 495 1447 524 Deus
1469 498 1603 525 humanae
1624 495 1790 534 fragilitatis
1811 498 1946 528 conscius
1961 518 1970 533 ‚
1995 498 2024 527 &
2048 496 2264 527 Misericordiae

1264 535 1333 564 Suae
1359 543 1480 565 memor.

1303 573 1360 602 Sed
1384 574 1419 602 de
1439 574 1496 603 illis
1520 574 1671 613 praecipue
1693 575 1900 613 peccatoribus
1923 576 1972 605 hie
1996 585 2074 613 ago,
2095 575 2146 612 qui
2171 573 2263 603 statim

1265 613 1328 651 post
1352 613 1443 641 aCtam
1459 614 1680 648 Paenitentiam,
1696 616 1732 643 ad
1751 615 1914 644 levillimam
1936 614 2185 653 concupiscentiae
2198 613 2266 650 sug-

1266 652 1422 688 gestionem
1447 654 1555 681 cadunt
1582 652 1688 682 iterum
1704 673 1714 686 ,
1739 653 1768 682 &
1793 654 1823 683 in
1848 653 1969 692 pristino
1992 655 2058 686 luto
2081 655 2264 682 volutantur.

1268 691 1314 719 De
1330 691 1387 720 illis
1399 700 1453 728 ago
1464 711 1472 725 ,
1492 691 1542 728 qui
1557 692 1638 729 aque
1656 692 1822 729 frequenter
1834 703 1866 721 ac
1882 693 1948 721 ante
1963 693 2169 722 conscientiam
2184 702 2268 721 corn-

1268 732 1424 759 maculant.
1457 731 1503 759 De
1522 730 1580 759 illis
1595 752 1604 764 ‚
1624 731 1676 768 qui
1698 740 1759 760 non
1778 732 1844 760 satis
1865 731 2033 761 aestimantes
2053 732 2173 761 Donum
2189 731 2271 765 Dei,-

1268 778 1322 798 nec
1344 769 1437 797 media
1453 769 1590 799 adhibent
1604 771 1712 807 quibus
1734 770 1808 799 illud
1828 770 1991 799 custodiant
2003 790 2014 804 ‚
2033 779 2086 799 nec
2099 771 2269 799 occasiones

1269 808 1365 836 vitant
1385 817 1420 837 ne
1432 808 1506 838 illud
1520 808 1680 847 deperdant
1699 820 1705 838 :
1718 810 1754 837 de
1766 809 1824 837 illis
1838 810 1981 847 ‚inquam,
1995 811 2045 846 qui
2059 808 2204 845 frequenti
2220 819 2267 838 re-

1269 847 1352 885 lapsu
1368 851 1458 884 magis
1471 848 1645 876 insensibiles
1659 849 1731 877 fiunt
1756 848 1785 877 ἃ
1807 848 1982 876 audaciores
1992 867 2001 882 ‚
2015 847 2143 877 minores
2156 857 2269 877 remor-

1269 887 1316 915 sus
1341 886 1489 922 sentiunt,
1510 885 1540 915 &
1559 887 1742 924 tranquillius
1762 887 1793 915 in
1815 887 1936 916 crimine
1962 887 2159 924 perseverant.

1309 925 1340 953 Si
1356 926 1406 962 qui
1421 926 1472 955 lint
1482 946 1491 960 ‚
1504 926 1680 955 Dileftilnmi
1690 947 1699 960 ,
1714 935 1840 965 quorum
1857 924 2000 963 relapsum
2016 925 2121 963 aliquae
2143 935 2177 955 ex
2189 935 2267 964 prte-

1271 964 1356 993 dietis
1369 965 1590 994 circumstantiis
1608 965 1803 1000 comitantur,
1818 964 1848 993 hi
1862 964 1994 1003 proferte>
2009 965 2045 993 de
2057 966 2185 994 anteacta
2200 966 2267 994 Ρω-

1270 1004 1391 1032 nitentia
1404 1004 1496 1033 securi
1511 1004 1564 1033 effe
1578 1013 1637 1033 non
1656 1004 1771 1043 possunt
1784 1016 1790 1033 :
1805 1003 1835 1032 in
1848 1004 1917 1033 illos
1933 1005 2009 1032 enirn
2023 1004 2099 1033 cadit
2117 1004 2175 1034 hoc
2189 1005 2269 1034 Gre-

1270 1042 1348 1079 gorii
1371 1043 1489 1072 effatum
1505 1055 1511 1072 :
1529 1047 1582 1081 Qui
1593 1046 1635 1080 fic
1648 1055 1762 1080 peccata
1784 1046 1925 1081 deplorat,
1946 1053 1975 1071 ut
1997 1046 2058 1072 alia
2079 1054 2170 1073 tamen
2192 1056 2268 1072 com-

1272 1087 1364 1110 mittat
1378 1103 1387 1115 ‚
1414 1085 1504 1110 adhuc
1515 1087 1712 1120 poenirentiam
1738 1095 1818 1122 agere
1839 1092 1888 1111 aut
1910 1086 2019 1121 ignorat
2039 1094 2090 1111 aur
2109 1086 2266 1121 distimulaz.

1272 1121 1307 1150 In
1327 1120 1394 1149 illos
1416 1122 1494 1150 cadit
1515 1123 1636 1150 alterum
1659 1123 1716 1151 hoc
1742 1122 1899 1160 Augustini
1925 1133 1931 1149 :
1954 1125 2160 1151 Poenitenzibus
2182 1126 2264 1152 dico:

1273 1161 1342 1198 quid
1354 1163 1459 1199 prodest
1474 1163 1550 1198 quod
1567 1163 1776 1195 humiliamini,
1789 1164 1816 1198 fi
1835 1173 1888 1189 non
1911 1165 2055 1190 mutamini
2070 1164 2083 1189 ’.ἱ

1313 1198 1420 1228 Similis
1436 1201 1534 1237 itaque
1555 1200 1684 1238 relapsus
1704 1200 1841 1229 limulatae
1859 1199 2000 1237 falsaeque
2019 1200 2199 1238 poenitentiae
2213 1200 2269 1237 fig-

1273 1247 1343 1267 num
1357 1238 1394 1266 est
1414 1239 1492 1267 hand
1513 1239 1712 1276 (equivocum.
1745 1239 1863 1268 Etenim
1878 1259 1888 1274 ,
1905 1239 1937 1267 ut
1961 1239 2047 1268 1101115
2060 1260 2069 1273 ,
2091 1239 2267 1268 Poenitentia

1273 1277 1405 1306 involvit
1420 1279 1560 1307 sincerum
1582 1278 1670 1306 animi
1683 1279 1835 1311 dolorem,
1856 1287 1981 1315 eumque
2000 1279 2138 1307 summum
2155 1279 2184 1307 S:
2200 1278 2268 1307 uni-

1275 1316 1414 1345 versalem
1428 1339 1436 1351 ,
1455 1319 1567 1346 firmum
1579 1317 1649 1345 item
1668 1325 1728 1346 uon
1753 1317 1876 1355 amplius
1899 1318 2040 1355 peccandi
2067 1318 2270 1356 propostmm,

1276 1355 1349 1383 adeo
1369 1363 1400 1384 ut
1423 1356 1660 1394 φωνὴ-1101105
1680 1356 1775 1385 mallet
1795 1356 1938 1394 poenitens
1950 1358 2072 1393 perdere
2087 1376 2095 1391 ‚
2115 1358 2200 1393 quam
2214 1357 2272 1385 ite-

1276 1394 1338 1422 rato
1362 1394 1459 1423 Deum
1484 1395 1566 1424 suum
1590 1395 1760 1427 offendere;
1782 1405 1815 1424 ac
1844 1395 1968 1433 proinde
1995 1397 2139 1424 efficacem
2161 1397 2272 1424 volun·

1275 1440 1363 1461 tatem
1380 1434 1482 1463 habeat
1502 1433 1611 1463 necess'e
1626 1434 1662 1462 est
1677 1442 1708 1461 ea
1731 1433 1829 1463 omnia
1848 1434 1959 1462 summo
1980 1434 2074 1463 studio
2099 1433 2275 1468 devitandi,

1275 1479 1342 1507 quie
1360 1472 1464 1501 iterum
1489 1473 1583 1511 ipsum
1606 1472 1717 1511 possent
1738 1473 1768 1502 in
1791 1473 1922 1510 priorem
1943 1473 2108 1509 demergere
2131 1471 2273 1511 abyssum.

1276 1511 1379 1540 Verbo
1394 1532 1404 1545 ,
1425 1511 1455 1540 ut
1481 1511 1660 1548 Augustinus
1681 1512 1721 1540 ait
1741 1523 1746 1540 z
1770 1514 1970 1540 Paenitentiam
1994 1523 2093 1540 certam
2107 1523 2161 1539 non
2176 1514 2274 1548 facit,

1277 1553 1337 1577 nist*
1361 1554 1452 1578 odium
1469 1555 1575 1587 peccati
1603 1554 1629 1578 (ἰν
1651 1563 1729 1579 amor
1753 1554 1820 1579 Dei.

1318 1590 1368 1618 An
1391 1590 1481 1628 porro
1495 1589 1574 1618 credi
1599 1589 1692 1628 potest
1703 1610 1711 1624 ‚
1725 1590 1821 1619 Deum
1845 1589 1927 1626 diligi
1941 1590 1955 1618 ‘a
1968 1590 2019 1619 tali
2045 1589 2163 1619 homine
2175 1612 2183 1624 ‚
2198 1589 2248 1626 qui
2263 1608 2274 1623 ,

1278 1629 1330 1658 vix
1353 1637 1477 1667 accepto
1497 1629 1762 1658 Reconciliationis
1784 1629 1934 1658 Beneficio
1949 1649 1958 1663 ,
1978 1629 2176 1658 atrocillimam
2192 1629 2273 1664 inju-

1277 1668 1350 1696 riam
1371 1668 1476 1696 Eidem
1497 1669 1531 1697 de
1553 1677 1635 1697 novo
1654 1668 1761 1697 inferre
1783 1678 1843 1698 non
1866 1668 2028 1698 formidat?
2050 1669 2099 1697 An
2118 1667 2198 1697 credi
2214 1676 2272 1705 po-

1277 1707 1349 1741 test,
1373 1707 1445 1736 odio
1469 1709 1504 1736 ab
1528 1708 1581 1737 illo
1602 1708 1701 1736 haberi
1727 1716 1880 1746 peccatum
1894 1729 1902 1741 ,
1929 1708 2019 1744 idque
2039 1708 2123 1745 supra
2143 1707 2274 1745 quodvis

1279 1747 1358 1774 alind
1384 1747 1487 1774 malum
1501 1766 1510 1779 ,
1530 1747 1549 1774 fi
1572 1756 1632 1776 non
1657 1756 1771 1775 ornnem
1798 1748 1932 1776 adhibeat
1959 1756 2059 1775 curam
2077 1768 2086 1780 ,
2107 1754 2140 1775 ut
2163 1753 2275 1775 tantum

1279 1787 1385 1813 malum
1399 1787 1413 1813 a
1427 1786 1453 1813 se
1478 1790 1615 1815 avertat?
1637 1785 1668 1814 Si
1691 1786 1845 1824 nequidem
1860 1795 1920 1814 eam
1940 1786 2048 1815 adferat
2072 1785 2251 1822 diligentiam
2268 1805 2279 1818 ,

1279 1833 1365 1861 quam
1386 1825 1553 1853 nullatenus
1574 1825 1721 1854 omitteret
1743 1826 1772 1853 in
1792 1825 1854 1854 aliis
1868 1825 2014 1861 negotiis,
2032 1824 2083 1853 ubi
2097 1824 2132 1853 de
2152 1823 2276 1853 minimo

1281 1865 1388 1892 damno
1408 1863 1563 1901 temporali
1587 1863 1727 1894 evitando
1752 1867 1911 1900 ageretur?

1322 1902 1422 1931 Dicite
1435 1922 1445 1935 ,
1464 1902 1581 1939 quaeso,
1595 1903 1612 1932 fi
1633 1904 1747 1931 rebellis
1769 1903 1873 1940 aliquis
1893 1904 1907 1931 a
1922 1902 2003 1939 Rege
2025 1901 2055 1931 in
2074 1902 2193 1940 gratiam
2210 1901 2278 1938 plu-

1284 1940 1340 1970 ries
1363 1940 1438 1969 foret
1461 1949 1615 1979 receptus,
1634 1941 1663 1969 ἃ
1684 1942 1744 1979 ipse
1760 1942 1951 1971 nihilominus
1971 1942 2033 1980 post
2049 1943 2173 1979 juratam
2194 1941 2280 1968 fidem

1284 1980 1399 2016 singulis
1422 1979 1539 2009 vicibus
1562 1989 1638 2009 arma
1664 1981 1840 2016 resumeret,
1866 1982 1895 2010 &
1915 1981 1969 2009 sub
1991 1982 2050 2009 levi
2072 1980 2181 2018 quovis
2203 1987 2281 2016 prte-

1284 2026 1366 2048 textu
1391 2020 1530 2048 atrociter
1549 2019 1578 2048 in
1595 2019 1702 2055 Regem
1725 2019 1882 2057 insurgeret
1899 2031 1905 2049 :
1925 2020 1990 2057 quis
2012 2028 2149 2057 umquam
2165 2018 2215 2046 fibi
2233 2017 2280 2045 in-

1286 2059 1374 2086 ducet
1393 2057 1422 2086 in
1447 2059 1573 2086 animum
1588 2080 1596 2092 ‚
1614 2058 1747 2096 promissa
1769 2058 1818 2087 illa
1831 2079 1840 2093 ,
1857 2058 1945 2087 toties
1959 2058 2033 2086 sana
2055 2059 2083 2087 ez
2103 2057 2191 2087 toties
2210 2055 2281 2084 vio·

1285 2099 1344 2126 lata
1358 2116 1367 2130 ,
1379 2105 1516 2134 umquam
1531 2097 1637 2126 11110013
1652 2096 1735 2125 fuiss'e
1747 2117 1756 2131 ,
1771 2097 1800 2125 ἃ
1823 2097 1953 2136 Ρτοῗεξὶα
1967 2106 2001 2125 ex
2014 2098 2105 2126 corde
2119 2105 2186 2132 erga
2199 2095 2282 2123 illum

1286 2135 1454 2173 Principem
1477 2136 1551 2164 bene
1565 2137 1691 2165 311οξὶοῖ
1710 2136 1821 2173 Quidni
1847 2137 1913 2173 ergo
1926 2136 2002 2165 idem
2023 2135 2150 2164 feramus
2162 2136 2198 2162 de
2211 2142 2283 2171 pec-

1288 2183 1389 2204 catore
1410 2174 1498 2203 toties
1517 2177 1663 2204 relabente
1685 2174 1856 2212 judicium?
1878 2176 1916 2204 Et
1939 2176 1998 2212 quo
2019 2174 2210 2203 fundamento
2233 2172 2283 2200 libi

1288 2214 1475 2243 abblanditur
1496 2215 1586 2243 homo
1605 2215 1654 2243 ille
1668 2234 1677 2248 ,
1703 2223 1800 2242 veram
1823 2214 1904 2244 fuisse
1917 2234 1925 2248 ‚
1941 2223 2026 2252 quam
2046 2222 2128 2243 antea
2148 2214 2205 2250 egit
2220 2221 2284 2249 pcc-

1289 2253 1429 2283 nitentam
1455 2256 1468 2281 ‚2

1328 2291 1384 2320 Sed
1406 2299 1528 2329 reponet
1549 2291 1665 2320 forsitan
1680 2303 1686 2320 ι
1703 2291 1786 2321 dolui
1807 2293 1842 2321 de
1855 2292 1983 2331 peccatis
1999 2303 2006 2324 ;
2023 2293 2057 2320 ad
2077 2292 2165 2329 pedes
2182 2289 2287 2332 Sacer-

1291 2331 1371 2360 dotis
1396 2340 1441 2359 me
1467 2332 1578 2368 projeci
1599 2341 1607 2362 3
1630 2330 1812 2360 Sacramenta
1836 2332 1995 2360 identidem
2015 2330 2209 2368 frequentavi.
2243 2327 2287 2357 Sit

1291 2371 1330 2398 ita
1352 2381 1357 2399 :
1376 2369 1432 2398 Sed
1455 2370 1543 2398 relabi
1564 2378 1622 2398 non
1639 2369 1778 2402 timuisti;
1799 2371 1885 2400 nullis
1905 2372 1941 2399 ad
1963 2372 2019 2400 1100
2038 2370 2200 2399 cavendum
2220 2368 2289 2396 usus

1294 2418 1323 2437 es
1345 2409 1473 2440 mediis;
1498 2409 1608 2447 placuit
1631 2409 1682 2437 tibi
1705 2417 1859 2447 peccatum
1884 2410 1954 2438 ficut
1975 2410 2052 2439 ante.
2081 2410 2129 2438 An
2149 2406 2288 2436 terribilis

1293 2447 1342 2476 ista
1365 2449 1531 2486 prenitentis
1559 2448 1588 2476 ἃ
1609 2449 1761 2477 relabentis
1790 2449 1962 2477 alternativa
1986 2450 2116 2478 securum
2141 2455 2168 2475 te
2194 2444 2288 2483 potest

1294 2488 1416 2516 reddere
1427 2492 1440 2515 :²
1453 2488 1554 2517 illudis
1574 2487 1707 2525 profefto
1721 2487 1772 2516 tibi
1786 2489 1837 2526 ipsi
1852 2500 1857 2517 ;
1877 2489 2020 2517 remorsus
2038 2489 2136 2517 sedare
2151 2483 2291 2518 voluisti,

1296 2535 1356 2555 non
1378 2535 1491 2556 mutare
1516 2525 1642 2555 animum
1660 2537 1666 2555 :
1687 2527 1886 2556 Ptcnitentiam
1910 2529 2015 2565 fingere
2029 2550 2036 2562 ,
2058 2536 2118 2556 non
2139 2533 2233 2561 agere.
2257 2523 2289 2552 Si

1296 2574 1347 2603 per
1372 2575 1464 2595 annos
1485 2567 1606 2604 plures,
1626 2566 1731 2602 quibus
1754 2567 1788 2595 lic
1815 2567 1930 2600 vixisti,
1954 2566 2096 2596 continuo
2120 2561 2290 2604 remansis-ses

1296 2605 1326 2633 in
1349 2613 1491 2642 peccato,
1509 2614 1562 2633 1100
1584 2614 1721 2642 umquam
1744 2606 1778 2633 de
1800 2605 1866 2635 Deo
1883 2605 2050 2641 cogitasses,
2070 2606 2222 2634 horrorem
2236 2601 2290 2629 tlbi

1282 2643 1442 2672 -incuteret
1461 2644 1547 2671 status
1571 2643 1644 2675 111ος
1668 2654 1745 2673 nunc
1770 2653 1865 2673 autem
1886 2645 2013 2682 peccatis
2037 2643 2093 2672 illis
2111 2645 2190 2671 nova
2211 2640 2291 2675 adje-

1297 2684 1360 2714 cisti
1382 2684 1530 2721 sacrilegia
1546 2703 1554 2718 ,
1576 2683 1606 2713 δε
1632 2684 1693 2713 haec
1719 2684 1780 2723 ipsa
1802 2684 1878 2713 ratio
1904 2685 1946 2722 (ὀ
1971 2683 2105 2713 caeeitas!
2125 2683 2137 2718 )
2159 2681 2220 2709 haec
2242 2678 2292 2752 ἕρ·

2255 2732 2270 2750 a
2286 2741 2296 2757 2
