2414 3105
679 105 921 198 secunda
971 117 1024 172 in
1075 109 1225 195 Festo
1275 107 1594 194 Epiphaniae.

103 215 136 244 in
152 215 200 245 via
212 216 332 247 virtutis
349 214 495 255 praecedat
509 213 643 252 exemplo
654 233 663 248 ,
683 213 712 243 ὅ(
726 215 802 243 inter
814 221 858 243 tot
875 213 1006 251 pericula
1022 219 1105 240 mun-

106 255 175 283 dum
199 256 226 286 se
245 266 277 285 ac
301 256 427 285 sancium
447 254 625 285 conservem
649 262 732 282 orare
752 253 860 287 debet,
880 260 912 281 ut
932 252 1104 290 praedicatio

106 294 188 330 ejus,
207 294 311 325 coelesti
334 304 400 324 rore
419 295 560 329 irrigata,
583 292 712 322 studium
733 292 854 325 afferat,
880 291 908 320 δε
933 299 966 320 ut
990 290 1104 328 populo

104 333 156 362 fibi
181 333 309 371 subjecto
336 334 394 362 Dei
417 332 644 362 misericordiam
675 341 708 361 ac
737 332 895 368 benignum
918 329 992 368 Ejus
1017 331 1106 359 obtu-

104 378 168 401 tum
194 374 340 411 impetret.

149 412 246 441 Primo
263 415 362 450 itaque
385 419 469 441 orare
490 410 575 438 debet
597 409 743 439 Sacerdos
757 429 766 445 ‚
787 416 820 438 ut
849 408 909 447 ipse
929 408 1040 437 sancius
1063 408 1104 436 sit.

107 448 218 488 Neque
245 452 354 490 putetis
385 450 516 479 sufficere
541 448 661 484 Vobis,
691 457 724 478 ut
757 450 896 478 virtutem
920 455 1106 483 communem

107 491 263 527 quamdam
287 490 444 527 acquiratis
459 489 527 524 ,sed
550 489 584 517 ad
603 498 666 517 eam
689 496 808 527 oportet
831 487 1018 516 sanctitatem
1032 495 1106 516 con-

106 529 228 558 tendere
240 552 248 563 ‚
272 539 338 567 quae
362 529 429 558 Vos
443 530 458 557 a
471 529 586 565 reliquo
600 528 715 566 populo
731 527 890 565 destinguat
905 547 914 560 ,
941 526 971 555 δι’
984 526 1105 564 respon-

105 569 172 596 deat
193 568 347 598 ll'linisterii
364 567 518 606 dignitati,
534 569 593 605 qua
614 576 676 606 prae
696 567 812 605 reliquo
826 567 941 606 populo
954 566 984 594 in
998 565 1106 594 Eccle-

102 607 142 635 fia
161 606 321 644 fulgebitis.

145 646 240 675 Porro
259 646 325 675 talis
342 645 599 676 sanctitas-donum
613 645 651 675 est
664 645 787 684 speciale
797 667 806 680 ‚
818 644 960 675 auxilium
975 650 1107 673 extraor-

108 683 278 718 dinarium:
302 686 434 724 adeoque
449 704 457 719 ‚
477 686 558 722 juxra
581 686 636 722 jam
668 686 744 714 dieta
759 707 767 719 ,
790 684 909 723 speciali
932 693 964 713 ac
988 682 1108 712 ferven-

104 723 178 754 tiori
200 725 332 754 oratioue
357 726 373 754 a
394 726 461 754 Deo
490 726 695 764 expetendum.
736 724 853 753 Deinde
880 725 947 753 haec
976 722 1110 753 sanctitas

110 763 208 793 multis
234 761 373 803 periculis
388 764 547 802 exponitur
562 775 569 796 ς
591 772 678 803 atque
701 764 769 793 hinc
791 773 869 794 nova
883 762 980 792 rursus
995 763 1110 800 exurgit

108 804 217 832 orandi
229 806 379 834 neceilitas.
391 804 488 833 Pastor
501 803 624 839 scilicet,
635 805 665 833 in
677 804 774 833 medio
787 803 888 832 mundi
900 802 1025 842 perverli
1036 811 1112 831 con·-

107 840 240 878 stitutus,
265 843 456 873 circumcirca
470 843 497 871 se
517 843 614 873 omnia
637 844 719 873 videt
744 843 879 872 abusibus
901 843 1006 880 plena,
1023 841 1110 879 plena

107 882 221 920 laqueis
233 902 242 916 ,
259 884 342 920 plena
363 883 604 916 seductionibun
628 882 744 920 lingulis
760 882 868 911 diebus
886 882 921 910 ad
944 889 1026 909 aures
1047 881 1109 917 ejus

108 920 301 951 decantantur
327 922 385 951 istae
408 922 701 960 pseudo-apologiae,
722 921 830 959 quibus
853 919 990 950 mundani
1013 920 1111 949 homi-

110 968 161 988 nes
190 961 329 990 vanitates
353 961 439 993 suas,
457 962 650 1000 dirnpationes
673 962 774 990 noxias
800 960 829 989 δι
856 960 927 989 alias
950 959 1111 997 voluptatis

108 998 262 1028 illecebras
285 1009 343 1029 non
366 1001 500 1030 excusare
521 1001 651 1033 tautum,
672 1001 719 1029 sed
746 1000 776 1028 ut
791 999 926 1028 amabiles
948 1008 980 1027 ac
1003 1007 1110 1036 prope-

113 1040 234 1067 modum
256 1038 420 1068 necelsarias
442 1040 519 1068 tucri
542 1041 697 1068 volutio..
726 1040 758 1069 In
782 1038 846 1075 ipso
869 1038 966 1067 Sacrae
988 1037 1112 1066 Confes-

109 1077 197 1106 fionis
221 1077 386 1107 Miuisterio
411 1079 506 1107 oculis
529 1080 590 1116 ejus
613 1080 755 1116 patefiunt
776 1077 913 1115 pastiones
938 1075 967 1106 &
990 1076 1113 1105 infirmi-

108 1124 183 1145 tates
206 1116 322 1145 secretae
340 1117 560 1154 poenitentium,
578 1126 632 1146 nec
646 1117 702 1147 line
719 1116 846 1154 proprio
862 1115 998 1154 periculo
1014 1115 1043 1144 in
1060 1115 1112 1143 sce-

112 1153 191 1184 tidos
211 1155 279 1184 illos
301 1156 404 1184 animae
425 1158 545 1186 morbos
566 1157 652 1185 debet
674 1155 844 1193 inquirere,
859 1154 1035 1184 vulneribus
1053 1154 1112 1183 istis

110 1193 276 1233 purulentis
296 1194 405 1224 mederi
418 1215 427 1229 ,
440 1195 469 1224 ἃ
484 1196 633 1225 salutarem
649 1195 705 1225 illis
721 1204 836 1224 manum
850 1203 1008 1234 apponere.
1021 1195 1112 1223 Sanc—

108 1240 160 1262 ,tus
184 1233 305 1273 quisque
330 1235 360 1264 in
386 1234 526 1264 limilibus
553 1235 774 1264 circumstantiis
803 1235 939 1263 vacillare
963 1233 1056 1272 potest
1082 1233 1112 1263 δι

110 1272 234 1305 setluci3
258 1273 327 1311 quid
350 1273 442 1310 igitur
464 1276 499 1303 de
514 1273 675 1304 Sacerdote
699 1276 765 1305 fiet.
788 1273 805 1301 li
826 1275 861 1302 ad
884 1274 957 1302 illud
980 1272 1114 1302 Ministe-

113 1311 191 1341 rium
215 1315 336 1342 accedat
356 1313 574 1343 infirmitatibus
596 1314 813 1347 circumdatus,
829 1313 858 1343 &
876 1312 1006 1351 propriae
1025 1312 1114 1349 fragi-

111 1351 187 1381 litati
208 1354 423 1391 propemodum
446 1353 664 1383 succumbens?
688 1353 768 1382 Talis
783 1352 916 1390 proi'ecto
941 1352 1025 1381 brevi
1040 1360 1115 1381 tem-

113 1400 188 1431 pore
209 1392 246 1421 sal
265 1393 312 1422 fiet
326 1392 503 1421 infatuatum
515 1416 525 1427 ‚
544 1392 575 1422 1&
601 1393 700 1432 potius
721 1394 807 1430 quarn
823 1392 899 1422 alios
914 1392 929 1420 ὲ
943 1391 1115 1430 corruptio-

115 1438 153 1498 ge
172 1431 351 1469 praeservet,
373 1431 433 1470 ipsc
462 1431 493 1461 iu
519 1433 742 1471 corruptionem
767 1442 799 1461 ac
827 1431 1012 1471 putredinem
1034 1432 1117 1460 dela-

139 1477 214 1498 etur.
844 1485 857 1497 0

153 1508 283 1546 Oportet
309 1507 408 1546 itaque
427 1508 570 1539 Pastorem
594 1509 685 1540 solide
713 1509 742 1539 in
765 1509 874 1548 pietate
902 1519 936 1539 ac
968 1508 1118 1539 santificate

117 1545 272 1577 fundatum
293 1547 366 1581 else,
382 1549 399 1575 li
422 1548 452 1577 in
474 1548 562 1578 tantis
584 1549 724 1587 periculis
745 1550 842 1581 firmus
867 1549 938 1578 velit
958 1549 1118 1577 consistere.

118 1586 159 1617 Et
181 1588 335 1624 quomodo
357 1586 506 1616 titillantes
526 1588 588 1617 illas
605 1589 804 1627 aspernabitur
827 1589 920 1617 carnis
943 1587 1118 1617 illecebras?

119 1626 283 1664 Quomodo
297 1627 397 1655 cordis
419 1627 534 1665 proprii
555 1628 795 1666 corruptionem,
817 1629 853 1656 acl
873 1636 986 1657 terrena
1005 1627 1118 1665 semper

117 1665 328 1700 inclinantem,
353 1666 499 1704 superabit
523 1676 556 1696 ac
589 1667 712 1700 vincet,
737 1667 791 1695 nisi
814 1668 958 1696 continuit
982 1666 1118 1696 oratione

118 1704 265 1734 Divinum
285 1713 487 1743 promereatur
501 1706 667 1735 auxilium?
682 1706 739 1735 nisi
754 1706 898 1736 continua
925 1706 1046 1735 Divinte
1064 1706 1120 1734 Le-

119 1744 163 1781 gis
189 1743 378 1773 meditatione
403 1744 460 1773 alte
486 1745 584 1774 animo
608 1745 662 1775 suo
687 1746 830 1783 insculpta
854 1747 955 1775 habeat
981 1745 1121 1774 Mandata

118 1783 273 1817 Altillimi,
287 1783 317 1812 δι
338 1785 373 1812 ad
387 1784 491 1813 vivum
517 1785 671 1823 prtesentes
697 1785 746 1814 irbi
765 1788 804 1814 ob
819 1787 927 1816 oculos
950 1785 1020 1814 filiat
1035 1792 1121 1813 :eter-

118 1831 170 1852 nas
194 1822 360 1860 Religionis
381 1823 550 1853 Christianae
570 1824 732 1853 veritates?

157 1861 243 1900 Saepe
264 1862 353 1900 igitur
367 1863 477 1892 easdem
502 1864 669 1893 meditando
695 1864 730 1892 ad
753 1873 807 1894 cor
829 1863 925 1892 redire
948 1864 1035 1892 debet
1058 1862 1120 1892 Mi-

117 1899 205 1931 nister
226 1901 424 1938 Evangelicus
437 1914 447 1935 ,-
462 1902 566 1941 saepit‘is
588 1903 618 1932 in
642 1903 777 1933 oratione
796 1913 864 1932 cum
879 1903 946 1932 Deo
967 1902 1123 1940 colloqui,

118 1948 206 1978 atque
225 1941 334 1970 ibidem
349 1942 460 1970 nutrire
479 1941 601 1972 Sacrum
621 1942 702 1972 illurn
728 1944 828 1980 Ignem
843 1965 850 1976 ,
864 1943 915 1980 qui
929 1942 1043 1980 stipulas
1058 1943 1121 1971 illas

122 1979 294 2015 consumat,
306 1980 338 2010 &
353 1990 469 2010 omnem
489 1982 580 2011 alieni
598 1981 672 2019 ignis
689 1981 866 2011 aeiivitatem
885 1982 1001 2020 superet
1032 1981 1120 2019 Quod

119 2019 139 2049 si
167 2020 229 2051 haec
256 2020 350 2050 media
374 2021 390 2048 a
413 2020 480 2050 Deo
507 2021 633 2051 instituta
659 2021 809 2059 negligat,
834 2022 920 2050 brevi
948 2020 1044 2050 similis
1075 2023 1123 2052 fiet

121 2059 222 2088 arbori
243 2059 259 2089 ὲ
282 2068 357 2089 terra
379 2059 481 2089 excise
497 2081 505 2094 ,
529 2070 596 2098 quie
618 2063 739 2090 siccatur
763 2060 792 2089 δι
814 2061 934 2094 arescit,
958 2069 1012 2089 nec
1036 2061 1124 2091 flores

117 2097 235 2138 profert
245 2109 297 2129 nec
307 2098 418 2129 fruens
431 2119 441 2134 ‚
451 2099 480 2128 ἃ
494 2110 561 2130 cum
572 2101 669 2138 Regio
681 2101 757 2129 vate
770 2100 947 2129 exclamabit
962 2100 1039 2136 :(Ps.
1056 2103 1123 2138 101)

123 2140 210 2166 Aruit
229 2150 274 2168 cor
295 2151 381 2169 meum
398 2151 406 2167 :
420 2143 486 2177 quia
510 2143 610 2169 oblitus
624 2144 687 2176 fimi
709 2143 840 2168 comedere
858 2151 961 2176 panem
985 2151 1072 2168 meum

163 2177 371 2216 (Confirmamr
380 2183 430 2208 lzoc
441 2190 477 2207 ex
492 2182 551 2209 PP.
566 2183 578 2218 )
600 2181 686 2210 Nihil
709 2179 773 2208 sant}
788 2179 838 2209 SS.
852 2179 910 2209 ΡΡ.
922 2181 1011 2215 magis
1024 2178 1122 2208 incul-

126 2223 191 2244 cant
210 2217 370 2248 animarum
384 2219 692 2256 Curatoribus,quam
711 2228 743 2248 ut
760 2219 835 2248 inter
848 2219 1037 2256 negotiorum
1052 2219 1123 2249 suo-

127 2263 191 2283 rum
212 2264 244 2285 ac
259 2257 446 2288 funffionum
458 2258 592 2296 strepitus
610 2259 714 2297 smpffis
734 2258 841 2297 seipsos
865 2258 1036 2295 recolligant
1051 2281 1059 2292 ‚
1074 2257 1122 2293 &,

127 2300 251 2336 :eternas
279 2297 415 2327 veritates
445 2299 656 2328 conliderando
678 2299 727 2327 seu
756 2298 947 2332 meditando,
970 2297 1121 2337 propriam

127 2341 251 2376 ammam
265 2337 539 2376 nutriant,ip11que
561 2340 596 2367 de
620 2339 701 2367 sonte
715 2337 766 2367 illo
793 2337 893 2369 bibant
914 2337 1020 2376 primi,
1035 2346 1120 2374 quem

126 2371 249 2402 subditis
269 2373 326 2403 suis
347 2376 503 2414 propinant
544 2377 624 2407 Hinc
639 2377 804 2407 Bernardus
818 2384 948 2413 quatuor
968 2377 1061 2405 libros
1075 2376 1121 2404 in-

127 2414 284 2456 tegrqshatl·
308 2414 471 2451 Eugenium
497 2417 623 2455 Papam,
644 2418 793 2455 quondam
815 2412 999 2454 Discipulum
1020 2415 1123 2451 suum,

128 2457 298 2488 comerlpiit
311 2473 319 2486 s
337 2453 367 2482 in
381 2454 486 2490 qu'lbus
509 2456 605 2496 inquit
629 2469 638 2485 :
659 2459 775 2494 Quidfir
797 2460 890 2492 pietas
910 2458 1034 2492 qutrris?
1058 2457 1123 2484 Va-

127 2502 188 2519 care
210 2493 434 2528 confidemu’om·‚⁴
458 2495 650 2534 hortaturque
670 2497 804 2525 eumdem
824 2494 1017 2528 Pontificem,
1034 2503 1064 2523 ut
1093 2495 1124 2524 in

126 2530 317 2561 solitudinem
347 2531 517 2563 interiorem
541 2535 643 2574 stepiiis
670 2537 792 2569 tendat,
812 2535 935 2573 ibique,
954 2535 1032 2564 solus
1057 2544 1125 2563 cum

128 2572 216 2606 Deo,
241 2572 361 2610 propria
385 2572 485 2601 traetet
511 2575 646 2610 negotia,
666 2575 695 2604 δε
718 2575 748 2604 in
775 2575 878 2604 animae
902 2574 960 2603 suae
977 2575 1126 2603 necellita-

128 2620 172 2642 tes
194 2612 339 2649 inquirat,
364 2610 455 2649 iisque
476 2613 653 2651 prospiciat:
669 2615 739 2644 alias
764 2614 898 2643 futurum
919 2613 990 2647 else,
1013 2621 1046 2643 ut
1072 2623 1126 2643 cor

127 2652 191 2689 ejus
211 2651 378 2681 indurescat
392 2650 610 2691 ,frigidumque
623 2655 729 2683 evadat
742 2663 776 2683 ac
797 2653 885 2684 nullis
907 2653 1013 2683 Divini
1029 2653 1126 2683 Amo-

2092 134 2131 194 5
2136 136 2165 198 3

1175 210 1214 239 ris
1236 208 1302 254 telis
1325 211 1372 239 fiat
1386 210 1577 248 penetrabile.
1606 209 1680 239 Haec
1703 209 1768 240 sunt
1781 209 1921 242 Bernardi
1943 212 1980 242 ad
1998 210 2167 251 Eugenium

1175 257 1296 279 monita.

1214 288 1272 317 His
1293 296 1414 325 quoque
1436 288 1534 326 quoad
1559 286 1742 317 substantiam
1766 288 1864 318 verbis
1888 290 2018 320 Pastores
2041 292 2179 330 alloqui-⁷

1175 335 1224 357 tur
1244 327 1417 356 Ambrolius
1434 339 1439 357 ι
1456 336 1502 356 vae
1526 327 1624 356 Vobis
1637 350 1644 360 ,
1666 327 1683 355 fi
1708 326 1748 355 ita
1770 328 1836 357 Vos
1857 338 2004 367 occupent
2024 331 2171 361 Funfflo-

1175 376 1226 396 nes
1248 367 1386 396 Eccleliae
1399 388 1407 401 ,
1420 375 1451 396 ut
1465 367 1578 396 nullum
1600 365 1766 404 vobisipsis
1787 366 1860 395 detis
1884 367 1939 396 otii
1960 376 2072 408 tempus
2085 390 2094 404 ,
2108 381 2169 409 quo

1175 406 1322 445 Vosipsos
1344 407 1524 436 confiderare
1537 426 1546 440 ‚
1568 405 1735 435 conversari
1750 414 1817 434 Cum
1833 405 1899 435 Deo
1913 428 1920 439 ,
1935 408 1987 445 lpli
2000 409 2172 440 necellitates

1176 445 1292 475 Vestras
1313 454 1479 483 exponere,
1498 453 1585 483 atque
1607 444 1718 473 Divina
1742 444 1814 481 Ejus
1829 445 1936 474 auxilia
1950 448 2104 485 impetrare
2120 458 2173 477 va-

1175 485 1270 515 leatis.
1302 485 1380 523 Quid
1404 485 1538 524 proderit
1560 483 1657 514 Vobis
1679 483 1740 513 dies
1761 483 1892 521 integros
1912 485 1976 514 aliis
1995 486 2172 517 sanctificans

1176 524 1220 554 dis
1233 525 1420 563 impendere,
1434 525 1452 554 fi
1466 523 1650 561 acquirendis
1672 523 1775 552 mediis
1788 544 1796 558 ,
1813 524 1920 561 quibus
1933 525 2077 562 Vosipsos
2090 526 2174 556 satu<

1175 564 1313 597 tificetis‚
1333 572 1447 603 tempus
1461 572 1626 599 congruum
1649 562 1820 600 denegatis?
1842 563 1880 593 Et
1902 565 2038 601 qualem,
2057 565 2175 601 quaeso,

1177 613 1212 633 cx
1234 602 1497 641 praedicationibus
1523 602 1633 632 Vestris
1659 602 1848 640 reportabi·.is
1879 603 2006 632 fructum
2025 623 2034 636 ,
2055 604 2109 632 nisi
2140 613 2174 634 ex

1177 643 1298 681 Pulpito
1321 643 1412 673 Sacro
1437 643 1467 673 in
1489 641 1660 672 oratorium
1683 642 1890 679 tranlinigretis
1905 663 1913 677 ,
1927 650 1960 671 ut
1979 641 2089 671 ibidem
2108 644 2174 673 Vo-

1177 682 1288 720 bisiplis
1310 682 1476 720 prtedicetis
1496 681 1712 719 Evangelium,
1729 681 1758 710 &
1780 681 1898 711 monitis
1918 681 2106 717 Ctrlestibus,
2121 683 2175 712 im-

1176 723 1304 761 pulnbus
1326 722 1444 758 gratiae,
1468 731 1500 751 ac
1527 720 1653 760 Spiritus
1680 721 1779 752 §unffi
1802 720 2046 760 inspirationibus
2077 731 2176 751 aurem

1179 762 1278 792 cordis
1304 762 1452 800 prebeatis
1467 764 1480 789 ?

1218 801 1390 830 Testabatur
1412 801 1542 832 loannes
1566 799 1789 839 Chrysostomus
1803 823 1810 833 ,
1826 799 1854 828 se
1873 798 1991 838 plurimi
2003 799 2099 829 facere
2119 801 2176 831 ho-

1178 840 1284 870 minem
1307 841 1437 870 orationi
1460 841 1610 875 deditum,
1626 849 1751 877 euntque
1771 839 1887 868 dicebat
1908 839 1939 868 iu
1963 839 2011 868 via
2032 839 2103 874 effe,
2117 842 2177 878 qua

1177 882 1294 909 multam
1316 879 1456 909 virtutem
1479 879 1510 909 δε
1530 879 1654 917 gloriam
1673 880 1723 909 fibi
1746 879 1899 917 acquirat:
1924 878 1974 908 ubi
1997 887 2092 908 autem
2108 880 2178 909 Cle-

1177 920 1272 948 ricum
1300 919 1440 954 videbat,
1463 919 1626 948 orationem
1649 918 1840 947 fastidientem
1854 939 1863 953 ‚
1878 918 1950 955 juste
1964 918 2178 953 arbitrabatur,

1179 959 1258 988 hunc
1280 958 1367 995 longe
1391 958 1481 988 abeffe
1506 960 1521 987 a
1544 958 1662 988 virtutis
1685 958 1800 992 studio,
1827 957 1898 996 quin
1922 959 2025 987 contt'a
2049 957 2078 986 iu
2105 958 2180 988 vitia

1180 997 1210 1026 δι
1235 1006 1349 1027 morum
1373 997 1589 1027 diffolutionem
1607 998 1693 1027 brevi
1719 998 1879 1026 demersum
1903 996 1940 1025 iri
1960 998 2118 1027 metuebat.

1220 1036 1287 1065 Nec
1309 1035 1413 1065 mirum
1427 1057 1435 1071 ,
1449 1036 1643 1071 Dilee'tillimi,
1658 1039 1716 1067 hoc
1741 1036 1836 1066 timeri
1860 1036 1876 1064 ὲ
1898 1035 2127 1076 Chrysostomo,·
2143 1038 2179 1067 lic

1180 1075 1256 1104 enim
1288 1082 1391 1104 natura
1414 1076 1542 1105 hominis
1569 1085 1735 1114 comparata
1760 1075 1798 1104 est
1815 1096 1823 1109 ,
1847 1083 1879 1104 ut
1902 1075 1958 1104 line
1980 1085 2099 1111 amore,
2122 1077 2179 1107 line

1180 1112 1376 1144 delectatione
1391 1114 1487 1152 aliqua
1501 1114 1605 1144 vivere
1629 1125 1688 1145 non
1702 1114 1791 1154 pollit.
1806 1115 1838 1144 Si
1857 1115 2079 1146 delectationem
2101 1115 2180 1146 illam

1179 1154 1210 1183 in
1235 1155 1322 1183 rebus
1342 1153 1543 1191 spiritualibus
1567 1164 1626 1184 non
1647 1153 1799 1189 inveniat,
1821 1163 1933 1192 qureret
1956 1163 2016 1184 eam
2037 1155 2066 1184 in
2088 1164 2180 1185 terre-

1181 1194 1225 1222 nis
1251 1203 1284 1222 ac
1309 1193 1464 1222 mundanis
1488 1205 1494 1222 ;
1518 1193 1550 1222 Si
1572 1194 1654 1222 Deus
1678 1194 1728 1232 ipli
1749 1203 1808 1223 non
1834 1194 1976 1229 sufficiat,
2000 1194 2019 1224 fi
2040 1203 2106 1224 cum
2126 1196 2182 1225 Illo

1182 1233 1314 1271 colloqui
1339 1241 1371 1261 ac
1394 1233 1563 1262 conversari
1584 1232 1733 1268 fastidiat,
1755 1242 1866 1270 quaeret
1892 1233 2027 1263 dele—&ari
2051 1233 2082 1263 in
2100 1243 2182 1264 crea-

1181 1272 1255 1301 turis
1268 1295 1275 1306 ,
1289 1271 1347 1301 illis
1358 1272 1474 1309 placere
1492 1272 1616 1309 sataget;
1633 1281 1778 1301 venenum
1792 1292 1801 1307 ,
1822 1273 1902 1310 quod
1923 1272 1976 1301 sub
1996 1272 2095 1303 fucata
2115 1274 2182 1303 dul-

1182 1312 1286 1341 cedine
1311 1311 1450 1350 propinat
1472 1313 1614 1346 mundus,
1627 1311 1765 1350 paulatim
1787 1312 1888 1345 bibet,
1903 1310 1933 1341 &
1959 1312 1995 1341 fic
2008 1312 2099 1342 homo
2115 1312 2185 1347 ille,

1183 1351 1234 1389 qui
1256 1359 1338 1381 totus
1362 1350 1494 1380 Divinus
1515 1350 1570 1380 else
1593 1352 1730 1385 deberet,
1752 1358 1834 1381 totus
1858 1350 1913 1380 erit
1935 1351 2068 1380 addictus
2085 1351 2183 1383 &im-

1183 1390 1291 1419 mersus
1313 1380 1436 1419 tenesmis
1458 1390 1596 1422 deliciis;
1619 1390 1733 1428 (Zach.
1752 1391 1818 1426 11.)
1840 1393 1935 1429 Pastor
1948 1391 2002 1420 erit
2023 1393 2048 1419 Cr
2062 1394 2184 1424 idolum,

1183 1430 1212 1459 id
1237 1429 1293 1465 est,
1311 1438 1422 1459 merum
1442 1429 1568 1459 Pastoris
1589 1429 1781 1468 phantafina;
1802 1430 1818 1457 a
1839 1428 2056 1460 Funffiouibus
2085 1431 2185 1462 Sacris

1183 1469 1378 1500 abhorrebim
1405 1476 1502 1501 toturn
1527 1471 1608 1506 quod
1629 1469 1779 1507 spirituale
1804 1468 1862 1503 est,
1882 1478 1973 1506 grave
1999 1478 2076 1499 onus
2100 1471 2184 1501 vide·

1183 1509 1284 1541 bitur;
1311 1508 1433 1537 finaliter
1451 1507 1480 1536 se
1501 1508 1626 1545 suosque
1650 1507 1816 1542 damnabit,
1841 1517 1929 1545 atque
1960 1517 1996 1537 ex
2024 1509 2088 1540 solo
2117 1520 2184 1539 ora-

1187 1548 1278 1578 tionis
1293 1558 1326 1576 ac
1340 1546 1540 1577 meditationis
1558 1548 1691 1586 negleti'tu
1709 1548 1776 1577 haec
1797 1548 1896 1578 omnia
1916 1556 2014 1578 ortum
2034 1548 2184 1579 habebunt

1187 1587 1360 1617 infortunia.

1225 1629 1406 1665 (ostendum
1425 1637 1461 1655 ex
1482 1627 1591 1663 effiHu,
1612 1638 1689 1663 quem
1710 1630 1739 1654 itt
1761 1627 1901 1654 Sacerdote
1917 1628 2044 1663 producit
2067 1628 2186 1663 oratio.)

1189 1665 1320 1695 L'contra
1343 1665 1462 1700 Pastor,
1490 1665 1637 1695 exercitiis
1657 1664 1714 1694 illis
1734 1665 1936 1704 spiritualibus
1955 1665 2112 1701 addictus,
2134 1668 2186 1696 de-

1187 1705 1270 1734 licias
1294 1706 1357 1734 suas
1379 1706 1409 1734 in
1431 1705 1590 1742 colloquiis
1616 1714 1649 1734 ac
1674 1705 1916 1735 meditationibus
1929 1705 2016 1734 sacris
2029 1705 2162 1736 inveniet
2178 1727 2188 1742 ,

1188 1745 1295 1782 hasque
1313 1745 1398 1774 semel
1414 1744 1562 1781 degustare
1580 1743 1684 1773 solitus
1696 1764 1705 1778 ,
1727 1746 1873 1773 mundana
1887 1745 2001 1782 quaevis
2015 1744 2101 1774 facile
2113 1756 2188 1776 con-

1187 1792 1319 1818 temnet,
1341 1794 1407 1821 quae
1431 1793 1579 1821 occupare
1601 1784 1719 1820 quidem
1744 1783 1871 1813 animum
1894 1784 2023 1813 hominis
2046 1785 2162 1822 poll'unt
2177 1806 2187 1820 ,

1187 1823 1235 1852 sed
1256 1822 1366 1853 frivola
1392 1823 1478 1852 nimis
1500 1824 1563 1852 sunt
1587 1821 1617 1852 ἃ
1637 1832 1752 1858 amara,
1773 1831 1806 1851 ut
1832 1823 1914 1852 illum
1937 1825 2006 1852 vera
2031 1824 2187 1855 dulcedine

1188 1862 1387 1900 perfundant,
1411 1863 1440 1892 &
1470 1862 1569 1891 cordis
1596 1862 1767 1892 desiderium
1791 1863 1903 1892 satient.
1929 1862 2011 1892 Talis
2033 1862 2133 1900 itaque
2156 1865 2188 1894 in

1188 1902 1286 1931 natio
1300 1902 1350 1931 illo
1368 1911 1434 1931 cum
1448 1901 1514 1931 Deo
1528 1902 1709 1932 commercio
1722 1902 1871 1941 spirituale
1883 1901 1963 1931 bibet
1979 1901 2092 1936 vinum,
2106 1906 2189 1941 quod

1190 1950 1242 1970 cor
1266 1943 1327 1978 ejus
1348 1940 1508 1971 laetificabit
1524 1952 1533 1968 .·
1553 1950 1655 1979 pacem
1676 1943 1808 1979 acquiret
1822 1962 1830 1977 ,
1852 1950 1938 1981 quam
1966 1943 2091 1980 mundus
2120 1945 2188 1972 dare

1190 1989 1250 2011 nou
1273 1982 1364 2019 potest
1389 1992 1395 2010 :
1422 1981 1652 2018 tranquilitatem
1676 1981 1763 2010 animi
1786 1981 1913 2015 sentiet,
1932 1981 2036 2017 (Phil.
2057 1982 2109 2017 4.)
2128 1994 2187 2019 quae

1190 2033 1226 2050 ex
1242 2032 1335 2058 apem:
1357 2032 1463 2049 omnem
1484 2023 1594 2056 seusam
1618 2031 1625 2049 τ
1649 2020 1753 2050 Verbo
1767 2041 1777 2056 ,
1799 2021 1922 2052 delicias
1947 2019 2070 2058 gustabit
2084 2041 2094 2056 ,
2117 2031 2189 2059 quas

1189 2062 1268 2090 solus
1288 2060 1338 2090 ille
1361 2060 1466 2092 novit,
1486 2059 1538 2097 qui
1559 2069 1606 2089 eas
1624 2059 1784 2097 aliquando
1808 2068 1944 2100 expertus
1966 2059 2012 2089 est.

1231 2100 1347 2129 Deinde
1370 2100 1442 2129 nihil
1462 2102 1553 2136 magis
1573 2100 1697 2128 obvium
1717 2104 1848 2131 occurrit
1866 2120 1875 2134 ‚
1898 2100 1982 2137 quam
2006 2098 2140 2129 Postore's
2152 2101 2190 2130 il-

1189 2140 1235 2169 los
1247 2160 1256 2172 ,
1274 2149 1351 2177 quos
1365 2140 1447 2168 zelus
1455 2139 1614 2168 animarum
1628 2139 1786 2168 inflammat
1800 2163 1809 2175 ,
1833 2142 1930 2170 multis
1945 2139 2166 2168 adveriitatibus
2181 2159 2192 2174 ,

1191 2179 1290 2208 multis
1304 2179 1560 2217 persecutionibus
1574 2179 1688 2214 fatigari
1702 2190 1707 2208 :
1722 2179 1832 2218 semper
1848 2178 1963 2209 enimin
1977 2188 2078 2216 magna
2092 2179 2191 2209 homi-

1190 2228 1261 2247 num
1283 2219 1472 2248 multitudine
1493 2225 1578 2246 erunt
1597 2219 1741 2247 indociles
1762 2219 1852 2257 aliqui
1876 2219 1905 2248 &
1926 2219 2062 2255 maligni,
2083 2220 2190 2256 quibus

1190 2266 1291 2287 utetur
1311 2259 1427 2287 daemon
1442 2278 1450 2292 ,
1474 2266 1505 2286 ut
1526 2258 1623 2285 fideles
1641 2257 1744 2286 Christi
1767 2258 1918 2288 ministros
1933 2259 2056 2294 exagitet
2068 2279 2077 2292 ,
2101 2258 2130 2287 δε
2145 2279 2154 2292 ,
2172 2258 2191 2287 fi

1191 2298 1250 2326 fieri
1264 2298 1366 2336 polilt,
1388 2299 1484 2326 zelum
1502 2296 1631 2334 ipsorum
1646 2307 1679 2326 ac
1694 2297 1896 2327 fortitut'incm
1912 2298 2096 2327 retundendo
2109 2317 2117 2331 ‚
2135 2298 2193 2327 bo-

1191 2345 1260 2365 num
1277 2337 1348 2365 illud
1366 2357 1374 2370 ,
1396 2336 1477 2373 qnod
1492 2334 1588 2364 facere
1601 2337 1785 2366 contendunt
1799 2358 1807 2371 ,
1818 2338 1968 2375 impediat.
1991 2337 2036 2366 Illi
2051 2338 2191 2366 malevoli

1193 2385 1249 2414 pro
1265 2377 1521 2405 benediffionibus
1537 2376 1686 2404 maledicta
1702 2376 1824 2405 reddent
1839 2397 1847 2411 ,
1869 2385 1923 2415 pro
1945 2377 2092 2405 beneficiis
2112 2377 2193 2413 iuju-

1195 2416 1252 2443 rias
1265 2437 1273 2449 ‚
1295 2416 1362 2444 odia
1380 2417 1408 2443 δε
1424 2415 1640 2453 persecutiones
1654 2416 1831 2445 siiscitabunt
1844 2437 1852 2450 ,
1876 2414 1947 2444 adeo
1960 2422 1991 2443 ut
2006 2415 2104 2444 Pastor
2117 2415 2192 2454 saepe
2229 2416 2231 2418 ’

1194 2463 1261 2483 cum
1277 2455 1417 2484 Plillmiiizl
1430 2456 1528 2484 dicere
1544 2454 1646 2483 debeat
1661 2467 1668 2483 .·
1689 2458 1703 2491 (
1718 2455 1806 2483 Psalm
1833 2456 1900 2490 (38.)
1921 2457 2071 2492 opprobria
2093 2467 2194 2493 expro-

1193 2496 1332 2523 bramium
1346 2497 1396 2523 ribi
1415 2497 1564 2523 ceciderunt
1578 2497 1662 2532 super
1682 2507 1752 2523 me...
1776 2495 1905 2531 (psalm.
1934 2495 2019 2530 108.)
2043 2496 2193 2530 Pusucrunt

1192 2536 1334 2569 adversum
1354 2546 1394 2563 me
1415 2536 1490 2563 mala
1500 2547 1551 2571 pro
1572 2537 1651 2563 honis
1667 2545 1673 2562 ε
1691 2537 1716 2562 ἃ
1729 2537 1821 2562 odium
1837 2547 1890 2571 pro
1912 2537 2052 2562 dileffione
2075 2546 2142 2563 nzea.

1236 2575 1268 2603 ln
1291 2574 1347 2603 illis
1359 2582 1454 2602 autern
1477 2573 1697 2603 circumstantiis
1713 2573 1771 2610 qui>
1784 2582 1913 2603 recurret
1929 2573 2026 2603 Pastor
2041 2593 2050 2607 ,
2073 2581 2103 2603 ut
2120 2583 2195 2603 con-

1195 2613 1366 2643 solationem
1381 2613 1514 2643 inveniat
1529 2633 1537 2646 ,
1566 2613 1595 2642 ἅτ
1608 2613 1810 2642 fortitudinem
1822 2614 1996 2642 Palioralem
2010 2610 2164 2642 conservet
2180 2616 2192 2641 ’ἒ

1195 2653 1263 2692 Quo
1292 2662 1444 2690 recurret,
1460 2654 1601 2691 inquam,
1627 2654 1684 2682 uisi
1708 2654 1743 2682 ad
1779 2654 1943 2683 orationem
1968 2663 2001 2682 ac
2027 2652 2195 2682 meditatio-

1263 2696 1307 2729 M
