2414 3105
199 147 270 215 34
615 125 945 220 Algemeyne
1000 130 1395 275 Verzatnelinge
1441 135 1562 198 der
1563 135 1807 200 VVerken

236 231 378 261 Dixerat.
394 229 425 264 ὅτ
447 229 551 270 rapido
576 230 668 260 multo
692 232 828 262 velocius
850 241 923 263 euro

197 270 301 300 Delius
325 270 355 300 in
381 280 523 305 vac-uas,
537 270 638 300 Musis
648 272 880 308 comitantibus,
902 281 988 303 auras

197 311 336 345 Avolat‚
350 311 485 359 appensis
505 311 594 340 Pueri
615 311 652 339 ad
678 313 824 341 cunabula
842 312 932 342 sertis.

236 349 322 379 Didia
350 349 506 394 'serapnaei
531 351 608 380 vana
633 357 687 379 nec
712 350 838 389 imagine
858 361 956 382 rerum

197 388 296 423 Nm,
316 398 371 418 nec
390 389 522 427 auguriis
544 389 656 419 tantum
682 375 861 426 fallacibus,
885 391 946 430 ipse

197 429 379 467 Comprobat
401 437 544 465 eventus:
560 438 625 459 nam
645 429 696 458 vix
716 431 826 468 lanugo
844 433 959 468 tegebat

197 468 293 497 Prima
311 477 400 506 genas
413 489 423 504 ‚
443 476 617 508 poteratque
638 469 716 499 Puer
733 469 911 507 juvenisque
932 468 1029 498 videri
1042 491 1052 503 ‚

196 510 246 543 (h)
269 508 389 537 Discere
410 518 477 538 cum
493 509 582 548 coepit
607 509 704 539 Patria
728 509 744 541 J
750 509 912 539 ACOBUS
933 510 963 539 in
983 509 1067 539 Urbe

198 547 322 577 Peeiore
342 546 469 578 ferventi
494 549 572 578 latiae'
592 548 752 586 primordia
772 549 889 586 liuouae.

198 587 277 624 Quid
302 596 460 617 memorem
474 610 483 623 ,
504 588 631 626 pulchro
653 574 829 618 studiorum‘³
842 595 942 626 raptus
964 595 1066 617 amore

198 625 324 656 Palladis
349 626 378 656 in
403 627 494 657 stadio
516 627 656 666 quantum
678 637 711 666 pl
715 627 863 657 olecer1t¹²
886 628 931 657 llli

199 665 239 695 Et
258 667 329 702 vulg
332 674 377 696 ata
399 668 472 696 tuba
495 666 524 697 δι
548 668 627 697 claro
648 667 772 705 spessata
796 668 911 696 theatro

199 677 329 734 Debita&
339 705 444 736 111ἑῖ011
468 707 600 744 concesia
621 706 657 735 eli
678 708 773 745 palma
795 705 964 744 quotannis.

198 745 313 775 Scaldis
338 744 414 775 testis
437 746 512 780 erit,
534 745 583 783 qui
605 745 666 775 tum
690 747 826 783 clangore
846 746 984 775 tubarum
998 763 1010 788 ‚-

199 784 355 815 Murmure
375 785 433 814 tum
454 786 558 824 populi
581 785 712 814 manibus
735 785 922 823 plaudentis,
945 786 980 813 ab
1004 783 1066 813 imo

198 823 335 853 flumine
358 825 509 863 prosiliens
533 824 562 853 ἃ
585 824 697 853 cineius
717 824 859 854 arundine
880 824 1007 853 frontem

198 863 374 901 Laetitiaque
399 871 513 893 tumens
539 863 625 893 motis
649 871 737 902 caput
763 863 865 892 extulit
889 862 987 892 undis.

198 903 321 932 Praemia
342 912 397 932 ceu
422 902 525 931 stimuli
544 903 660 940 coepere
685 903 835 940 potentius
859 911 955 931 acrem

198 942 381 971 Inflammare
407 943 532 971 animum
555 941 705 973 Iuvenis·
731 943 760 971 sit
789 942 818 972 δε
843 951 900 971 una
924 942 1067 979 voluptas

200 982 388 1011 Contrectare
411 981 523 1026 libros,
541 981 627 1019 seque
651 982 787 1011 exercere
809 991 860 1020 per
881 988 968 1011 artes.

200 1020 272 1051 Non
288 1021 370 1050 illum
397 1022 524 1055 cereris,
545 1030 604 1051 non
628 1020 711 1050 illum
735 1031 805 1050 cura
827 1021 934 1059 quietis

202 1060 377 1090 Abstrahere
397 1061 411 1088 a
427 1060 543 1095 studiis,
564 1070 624 1090 non
648 1061 706 1089 ulla
730 1061 918 1090 incommoda
941 1057 1068 1103 possunt.

197 1098 246 1129 sic
261 1101 370 1145 prteda
372 1100 490 1130 alleftus
512 1109 707 1144 quaecumque
729 1101 859 1144 pericula
882 1098 990 1138 spernit

199 1139 288 1169 Miles
315 1140 343 1169 δι
364 1139 392 1169 111
415 1140 526 1169 medios
549 1139 608 1169 ruit
629 1139 842 1179 imperterritus
868 1138 962 1168 hostes

239 1179 282 1208 At
306 1188 425 1218 campus
443 1179 527 1209 nimis
549 1180 645 1208 areius
669 1187 751 1212 erat,
771 1179 923 1216 solumque
944 1176 1068 1206 latinum

197 1217 367 1249 Sermonem
392 1218 521 1248 didicisse
542 1218 664 1263 parum:
678 1227 776 1247 novus
797 1219 887 1247 ardor
905 1219 1009 1255 agebat

197 1257 226 1287 E
244 1257 346 1296 patriis
365 1258 425 1288 Juv
428 1267 510 1288 enem
532 1257 640 1288 terris,
659 1257 712 1286 ubi
732 1266 852 1301 campus
872 1264 968 1288 arente

198 1298 337 1337 Amplior
359 1297 387 1327 δε
407 1297 522 1327 Gallum
545 1296 635 1341 posset
653 1306 773 1335 quoquc
794 1296 904 1326 discere
924 1294 1081 1333 linguam.

198 1337 287 1367 Hunc
301 1337 428 1376 reperit,
446 1337 542 1366 varias
565 1336 618 1365 ubi
639 1345 734 1365 mente
754 1337 924 1365 revolverat
946 1335 1064 1368 Urbes,

197 1380 244 1412 (c)
265 1377 423 1406 Montibus
445 1376 634 1408 Hannonite3
661 1375 825 1412 tracinsque
849 1374 1000 1417 profee‘tus
1020 1373 1051 1403 in
1071 1372 1163 1406 illos,

196 1416 349 1462 Auspiciis
373 1416 475 1445 Phoebi
497 1415 648 1445 Musarum
672 1414 827 1443 assuescere
849 1412 947 1442 castris
987 1415 988 1418 ’

196 1455 280 1493 incip
283 1456 304 1485 it
327 1455 356 1485 δι
383 1456 484 1484 doetus
505 1453 621 1483 hauiiie
647 1453 854 1498 Aganippidos
881 1452 982 1481 undas.

194 1494 322 1524 Artibus
341 1493 467 1523 bistoriae
487 1494 633 1523 imbutum
652 1493 791 1529 generosa
812 1499 967 1535 potentum

195 1534 282 1564 Gesta
304 1534 413 1563 ducum
436 1532 538 1572 grandi
562 1532 667 1561 docuit
688 1531 851 1561 describere
875 1539 970 1561 metro

194 1573 329 1611 Calliope
348 1581 435 1610 atque
455 1573 546 1602 avido
569 1570 671 1600 divina
696 1571 851 1611 Polymnia
871 1570 964 1609 gestus

194 1611 366 1643 Rhetorica:
396 1612 562 1651 explicuit;
585 1611 757 1649 quotiesque
779 1611 894 1640 subibat
920 1615 1058 1645 arenam,

192 1651 242 1682 En
263 1652 374 1686 toties,
398 1652 548 1681 numerosa
576 1651 644 1680 licet
671 1650 832 1688 superanda
855 1651 1021 1688 juventus,

193 1692 221 1722 Ε
242 1700 339 1738 pugna
362 1691 459 1721 vifior
479 1692 586 1720 summa
609 1699 675 1719 cum
696 1691 783 1719 laude
810 1691 946 1719 redibat
939 1709 947 1722 ‚

193 1731 232 1760 Et
257 1730 357 1765 simul,
379 1731 459 1760 unde
480 1734 569 1768 magis
591 1729 715 1759 celebris
737 1729 861 1759 vitam-ia
885 1727 1000 1764 crevit,

195 1771 291 1799 Tanta
308 1770 352 1800 illi
371 1771 527 1800 Gallorum
554 1771 673 1799 obtenta
694 1769 796 1807 peritia
818 1770 927 1807 linguae
941 1787 951 1804 ,

192 1811 242 1839 Ac
266 1811 283 1838 li
304 1811 353 1840 vel
372 1818 456 1854 natus
480 1808 613 1846 Regione
634 1809 727 1838 suilli-t
747 1809 777 1838 in
797 1808 845 1838 isia
861 1829 870 1843 ‚

188 1848 252 1879 'Vel
276 1849 373 1878 saltem
395 1848 494 1887 primis
517 1848 592 1878 illic
605 1848 752 1878 habitasset
775 1849 810 1877 ab
837 1844 929 1878 annis.

234 1888 364 1924 Longius
384 1888 552 1918 Hannoniae
578 1897 637 1917 non
663 1888 815 1917 immoror.
850 1887 978 1917 Artibus
1002 1883 1061 1916 illis

193 1928 261 1958 Plus
285 1927 350 1957 satis
371 1929 526 1962 excultus,
549 1927 692 1965 sociisque
716 1927 867 1965 hucusque
892 1926 1019 1956 subactis
1050 1930 1056 1964 'v

191 1967 356 2002 Omnibus,
378 1967 507 1997 invif'tus
525 1967 621 1996 Grudi
612 1976 653 1995 as
675 1968 848 2005 properavit
873 1967 1018 1996 Athenas.

192 2007 264 2045 Spes
277 2009 373 2041 bona,
384 2006 462 2045 spes'
457 2015 578 2044 ingens,-
590 2015 714 2043 namque
732 2016 765 2035 ex
778 2014 821 2036 tot
835 2007 945 2044 ubique
960 2003 1058 2034 relatis

191 2046 246 2075 Nil
270 2045 319 2075 libi
345 2056 404 2076 non
427 2054 543 2084 poterat
563 2027 709 2083 spondere
733 2046 899 2083 Antverpia
927 2044 1053 2083 palmis·
1047 2063 1055 2088 ,

190 2083 264 2115 Cum
287 2085 364 2115 bene
383 2095 428 2114 res
450 2087 534 2121 geiiae
555 2085 607 2113 sint
625 2085 793 2123 conjefiura
812 2084 915 2113 futuri.

232 2125 311 2162 Ergo
332 2125 384 2154 ubi
405 2124 560 2154 famosam
567 2124 662 2153 fuerat
687 2124 839 2153 translatus
862 2124 893 2153 in
918 2123 1030 2152 Urbem
1048 2140 1058 2156 ‚

190 2163 425 2202 Adscriptusque
447 2164 564 2203 sophis,
576 2162 726 2201 (0108115
746 2162 884 2193 Falconis
904 2164 1059 2207 alumnus,

190 2203 324 2233 1111135115
345 2203 467 2238 animis,
486 2203 684 2241 indefessoque
707 2204 808 2232 labore

191 2241 332 2272 Difficiles
355 2224 467 2281 sophiae'
489 2245 609 2278 nodos,
634 2243 793 2281 plexulque
811 2244 959 2277 latentes,

190 2282 303 2311 Abdita
324 2290 455 2317 naturae,
474 2283 583 2316 solem,
599 2282 758 2320 rutilosque
775 2283 925 2320 planetas,

191 2321 402 2358 stellatamque
423 2323 526 2359 polum
546 2305 690 2351 sciutatur
711 2322 846 2351 acumine
871 2320 995 2352 mentis·

191 2360 270 2398 Quid
292 2360 422 2394 tonitru,
441 2362 489 2390 vel
513 2371 570 2399 qua
593 2369 765 2400 prorumpat
791 2361 904 2398 origine
923 2360 1055 2390 fulmen.

192 2399 272 2436 Quid
297 2409 364 2428 ros:
381 2382 458 2429 mide
480 2401 585 2434 nives,
604 2401 738 2437 grando,
763 2402 958 2439 pluviaeque:
977 2398 1049 2438 quid
1072 2395 1125 2427 iris

192 2438 279 2468 Mine
303 2439 417 2467 trahens
442 2440 540 2469 varios
564 2440 687 2469 adverso
714 2440 772 2469 sole
795 2442 934 2470 colores:

193 2477 232 2507 Et
255 2487 307 2507 cur
327 2478 439 2507 alterno
461 2480 605 2508 tumidum
629 2487 707 2507 mare
728 2479 840 2510 ferveat
863 2479 952 2508 aestu:

192 2517 243 2547 An
270 2518 365 2560 secum
385 2525 540 2554 aequoreos
562 2518 694 2547 immutet
717 2519 837 2557 cynthia
861 2519 986 2549 fluetus·

192 2557 254 2586 Cur
275 2555 377 2594 pennis
402 2556 532 2590 Boreas,
557 2557 657 2590 siccis,
676 2558 863 2588 humentibus
887 2558 994 2588 Auster

192 2595 329 2626 Evolet·
354 2602 439 2631 atque
463 2596 558 2624 oculis
582 2597 751 2626 abscondita
779 2598 902 2636 plurima
925 2598 1049 2627 nostris·
1041 2619 1050 2632 ,

194 2634 316 2664 Tetrica
340 2642 462 2671 quaeque
486 2635 547 2663 aliis
570 2635 672 2664 crebis)
699 2636 783 2665 11111115
807 2637 859 2667 elle
884 2637 1023 2669 videntur
1042 2658 1053 2678 ,

192 2673 267 2706 Haec
288 2673 454 2714 vestigando
472 2681 552 2705 totos
572 2675 742 2707 consumere
764 2678 859 2714 soles,

1253 234 1349 265 Totas
1370 238 1517 274 gaudebat
1525 240 1732 278 penetrando
1743 238 1844 277 fallere
1867 216 1979 270 1106185.

1251 274 1304 309 Im
1296 275 1377 306 enio
1400 276 1468 306 hinc
1491 278 1591 313 sacili,
1612 287 1749 327 maturo,
1770 279 1920 317 omnisque
1943 282 2044 318 capaci

1251 313 1405 344 Dochinte
1428 317 1572 360 extemplo
1600 319 1685 348 norat
1707 319 1861 349 dissolvere
1881 318 2028 357 quidquid

1251 353 1383 383 Abstrusi
1406 355 1551 393 Logices,
1567 357 1711 395 quidquid
1733 368 1778 397 pr:
1771 367 1882 397 ecepta
1904 359 2043 388 Mathelis

1253 394 1409 423 Communi
1435 395 1571 431 ignotum
1594 396 1709 435 possunt
1728 398 1881 427 includere
1905 399 2008 435 vulno.

1253 432 1320 462 Nec
1342 433 1438 463 caruit
1462 435 1596 464 mercede
1618 436 1724 466 labor.
1740 438 1822 475 quod
1846 437 1950 466 Delius
1959 422 2044 467 ³olim

1252 472 1304 500 Ad
1327 482 1417 502 cunas
1435 473 1564 508 cecinit,
1585 476 1759 505 cunftorum
1780 476 1899 514 praemia
1925 476 2004 505 votis
2054 472 2055 476 ¹

1253 513 1295 548 (e)
1316 512 1413 541 Ριίιιιιι
1432 512 1517 547 tulit,
1538 512 1686 552 viditque
1683 514 1742 544 sibi
1764 516 1906 553 quadrare
1929 525 2081 545 coronam.

1253 550 1320 580 Nec
1343 561 1448 580 mora:
1462 553 1527 581 laeta
1549 553 1603 582 suo
1624 553 1724 583 nutrix
1745 554 1912 599 Antverpia
1936 563 2021 622 parhtu
2035 575 2044 590 ‚

1253 588 1372 620 Vistori
1400 592 1553 626 occurrit,
1569 592 1711 622 summum
1732 601 1844 631 gratata
1866 593 2072 632 triumphum,

1251 628 1440 667 majoresque
1459 630 1502 659 illi
1521 639 1665 661 venturos
1686 632 1809 677 spondet
1836 634 1975 662 honores.

1293 669 1384 698 Nunc
1404 669 1500 699 facilis
1524 670 1594 699 mihi
1609 671 1695 700 Musa
1710 671 1785 700 reser
1795 692 1803 706 ‚
1817 680 1883 709 quae
1904 672 2008 701 deinde
2023 673 2122 704 secuta

1252 707 1297 739 Sit
1320 708 1439 738 fortuna
1462 708 1582 745 virum,
1604 709 1730 747 quibus
1727 711 1765 739 ·&
1789 710 1947 755 penetiarit
1970 712 2092 742 honoris

1251 747 1301 776 Ad
1327 748 1441 778 culmen
1464 748 1616 786 gradibus.
1646 749 1768 787 Sophite
1792 750 1852 779 vix
1868 751 1994 788 pulvere
2014 751 2098 782 lassos
2114 771 2124 788 ,

1251 787 1337 817 Arcu
1359 788 1505 832 tantisper
1519 789 1634 834 posito,
1654 789 1805 818 laxaverat
1831 797 1910 818 artus
1925 808 1934 823 ‚

1249 825 1331 856 Ecce
1355 837 1443 857 nows
1461 827 1565 857 animis
1586 828 1704 863 sacratoe
1723 828 1848 857 Palladis
1867 837 1942 857 artes

1249 867 1306 902 (f)
1319 867 1461 898 Gaudens
1477 861 1664 905 aggreditur:
1677 876 1732 897 nec
1747 867 1871 897 mirum:
1884 868 1968 896 turba
1984 867 2120 899 sororum

1248 906 1403 942 Ingenium
1425 906 1552 938 formare
1571 907 1690 945 quidem
1715 915 1870 936 curaverat
1893 906 1994 943 ingens
2012 918 2020 939 ;

1251 944 1351 975 Lbera
1373 946 1421 975 sed
1443 947 1562 976 dederat
1585 947 1693 976 Pietas.
1720 945 1801 976 Hinc
1821 946 1941 985 9861018
1963 955 2063 985 prono

1249 984 1325 1014 Cum
1345 986 1447 1015 Phoebi
1470 985 1565 1016 studio
1588 985 1690 1016 solidae
1709 985 1830 1015 virtutis
1850 994 1978 1015 amorem

1253 1022 1366 1062 Sponte
1385 1025 1435 1054 sua
1455 1026 1564 1070 semper
1586 1025 1700 1055 teneris
1715 1025 1868 1063 conjurxit
1889 1027 1926 1054 ab
1950 1025 2058 1062 annis,

1255 1063 1362 1093 Munia
1386 1064 1547 1103 despiciens
1569 1065 1670 1094 mundi
1694 1065 1874 1102 splendentia
1897 1064 1981 1094 fastu.

1254 1102 1432 1133 Perscrutari
1455 1104 1482 1141 ig,
1474 1104 1543 1133 itur
1569 1103 1654 1133 Fidei
1681 1103 1822 1148 mysteria
1837 1103 1963 1138 nostrae,
2122 1124 2125 1126 -

1251 1142 1405 1181 Quidquid
1431 1143 1460 1172 δι
1486 1143 1516 1172 ἰιι
1536 1143 1650 1181 gremio
1670 1143 1771 1173 condit
1792 1143 1945 1187 Scriptura
1966 1142 2123 1188 profundo

1248 1182 1425 1220 Incipit‚ut
1448 1191 1583 1221 pravos,
1602 1183 1660 1212 hoc
1683 1181 1734 1219 qui
1758 1182 1947 1212 dominantur
1972 1184 2004 1212 in
2027 1191 2122 1220 aevo,

1239 1221 1448 1256 ,Cons'undan
1470 1222 1591 1256 vincat,
1615 1223 1758 1259 tollatque
1782 1222 1953 1266 potentibus
1969 1221 2059 1251 armis

1250 1261 1395 1291 lautores
1416 1262 1555 1291 scelerum
1577 1260 1607 1290 &
1629 1261 1729 1300 stygiae
1750 1261 1892 1290 novitatis
1915 1269 2042 1290 amantes
2056 1280 2068 1295 ,

1249 1300 1309 1338 Qui
1329 1309 1520 1339 corruptores
1543 1309 1657 1330 morum
1671 1320 1680 1335 ,
1696 1302 1901 1338 juvenumque
1924 1301 2019 1330 ruina.

1288 1339 1344 1368 His
1367 1349 1493 1369 animum
1516 1340 1668 1383 postquam
1686 1340 1745 1377 jam
1770 1340 1818 1369 sex
1844 1340 2008 1370 intenderat
2033 1349 2125 1371 annos
2142 1361 2151 1375 ‚
2177 1344 2244 1382 (g)

1248 1377 1407 1408 Falconem
1427 1387 1554 1417 repetit,
1578 1378 1698 1417 Sophiae
1720 1379 1915 1408 documenta
1911 1381 2066 1415 daturus,

1248 1418 1314 1456 Qua
1335 1418 1466 1457 reliquos
1485 1419 1564 1448 solus
1586 1427 1680 1456 nuper
1700 1418 1889 1455 superaverat
1911 1426 1983 1448 arte.

1247 1456 1314 1486 Nec
1335 1466 1431 1487 tamen
1454 1453 1590 1487 abstinuit
1612 1457 1712 1486 studiis
1735 1458 1905 1486 incumbere
1925 1457 2034 1488 sacris·
2026 1478 2035 1490 ,

1247 1495 1326 1526 Nam
1349 1499 1482 1527 nondum
1504 1504 1549 1527 ter
1569 1498 1637 1532 luna
1660 1496 1717 1526 suis
1734 1498 1942 1539 compleverat
1964 1498 2067 1526 orbem

1247 1536 1414 1571 Cornibus,
1437 1539 1483 1573 (Ιι)
1498 1545 1532 1566 en
1554 1536 1659 1565 iterum
1681 1534 1835 1565 redimitus
1855 1543 1988 1574 tempora
2004 1537 2096 1568 ⁴lauro
2130 1551 2133 1554 ·

1246 1575 1386 1605 Cernitur
1404 1577 1443 1605 ob
1467 1585 1482 1597 τ’·
1465 1575 1573 1613 0¹emini
1593 1575 1708 1605 detensa
1729 1575 1882 1604 volumina
1903 1575 1990 1607 Juris.

1244 1615 1288 1643 At
1312 1614 1385 1644 Tibi
1398 1615 1469 1653 ‚qui
1494 1615 1585 1644 stabas
1609 1616 1667 1645 hoc
1684 1622 1816 1659 tempore
1839 1615 1931 1645 Falco
1951 1615 2116 1673 superbus,

1243 1653 1416 1692 Felicesque
1435 1663 1505 1684 tuos
1526 1654 1629 1685 merito
1649 1654 1758 1683 rebaris
1780 1655 1935 1689 alumnos,

1245 1692 1335 1723 Haud
1360 1694 1469 1724 dudum
1495 1695 1579 1724 licuit
1599 1702 1682 1724 tanto
1702 1693 1834 1731 gaudere
1853 1694 2013 1731 Magistro,

1206 1738 1209 1741 ·
1244 1733 1352 1763 Munia
1378 1743 1465 1771 quem
1488 1733 1580 1763 multo
1601 1734 1659 1771 jam
1683 1733 1744 1763 tum
1763 1733 1901 1770 ‹raviora
1921 1734 2078 1763 vocabant.

1283 1773 1366 1802 Urbe
1393 1774 1498 1803 domus
1523 1773 1621 1802 media
1648 1772 1705 1806 est,
1725 1773 1762 1809 (i)
1783 1772 1917 1802 studiosae
1933 1772 2036 1802 structa
2064 1774 2221 1813 juventae5

1243 1810 1283 1841 Et
1305 1813 1414 1842 sacrata
1437 1812 1532 1846 Tuae‚
1556 1813 1653 1850 Virgo
1673 1812 1854 1846 sanfflffima,
1875 1812 1976 1842 Matri

1244 1851 1393 1890 Tempore
1410 1850 1489 1881 forte
1511 1851 1564 1881 1110
1588 1853 1694 1880 domus
1713 1853 1775 1880 baec
1797 1859 1857 1881 erat
1880 1853 1952 1881 orba
1971 1859 2112 1889 parente,

1241 1891 1414 1928 (Eximium
1438 1891 1500 1919 Rea
1484 1891 1551 1927 gina
1575 1890 1683 1919 Virum
1705 1890 1871 1928 meritisque
1892 1891 2051 1920 colendum

1227 1964 1230 1966 Α
1244 1930 1443 1959 Transtulerat
1463 1930 1614 1967 Brugam,
1634 1930 1771 1974 limoque
1791 1931 1909 1960 ornarat
1930 1929 1960 1958 δι
1984 1928 2060 1959 ostro
2075 1931 2091 1964 )

1242 1970 1334 2000 Venit
1358 1971 1393 1998 ad
1414 1970 1471 1999 hoc
1494 1969 1643 2006 regimen,
1664 1970 1713 1999 cui
1737 1978 1797 1998 non
1820 1976 1880 1998 erat
1899 1968 1996 2006 aptior
2016 1969 2110 2001 alter,

1241 2008 1454 2042 WELLiUs,
1478 2010 1624 2046 exemplar
1642 2010 1810 2045 juvenum,
1829 2008 1960 2045 Reciorq
1962 2016 1998 2036 ue
2013 2026 2023 2042 ‚
2040 2006 2200 2046 paterque.

1225 2048 1346 2083 Illius,
1364 2050 1494 2077 adventu
1518 2048 1614 2077 Pietas
1641 2056 1708 2077 cum
1730 2047 1846 2076 Pallade
1864 2047 1950 2078 186115

1240 2088 1410 2125 Imposuere
1435 2088 1558 2133 pedem,
1583 2086 1735 2124 tacitoque
1758 2086 1902 2115 Modestia
1928 2084 2020 2124 passu.

1241 2127 1376 2162 Felices,
1401 2125 1490 2156 modo
1509 2126 1634 2164 pulchra
1654 2125 1740 2164 >sequi
1762 2126 1879 2163 vestigia
1899 2127 2020 2164 possint!

1280 2167 1393 2197 Interea
1411 2165 1510 2195 studiis
1533 2166 1573 2194 nil
1597 2173 1666 2194 cura
1693 2165 1849 2194 domestica
1873 2165 1960 2195 sacris

1240 2204 1376 2235 Detrahit
1393 2216 1401 2238 ;
1423 2204 1461 2234 ast
1478 2213 1602 2243 pergens
1621 2205 1719 2234 animo
1743 2204 1938 2233 inflammatus
1960 2205 2064 2236 eodem

1239 2245 1366 2283 Impiger
1388 2244 1554 2282 aggreditur
1579 2252 1658 2273 nova
1682 2245 1756 2273 bella
1773 2264 1782 2278 ‚
1804 2245 1959 2282 novosque
1979 2245 2107 2277 labores.

1240 2284 1287 2313 En
1303 2305 1312 2319 ‚
1333 2292 1410 2314 coetu
1430 2285 1576 2322 speetante
1597 2283 1716 2312 Patrum
1730 2306 1737 2317 ,
1760 2284 1937 2321 dofflimque
1960 2283 2107 2316 Virorum

1241 2324 1374 2353 vividus
1392 2324 1512 2362 ingenio
1532 2323 1560 2352 ὅ(
1581 2322 1689 2352 florens
1705 2323 1889 2360 juvenilibus
1911 2321 1994 2352 annis

1240 2362 1267 2392 E
1288 2373 1384 2402 pugna
1405 2366 1468 2393 tota
1491 2362 1648 2392 adstantum
1671 2363 1828 2400 plaudente
1849 2364 1984 2397 corona,

1238 2402 1398 2440 Egreditur
1420 2403 1538 2436 vietor,
1560 2401 1606 2440 (k)
1627 2402 1755 2430 Laurum
1778 2401 1919 2431 Doeoris
1940 2403 2088 2441 adeptus,

1238 2442 1374 2471 Eximios
1397 2441 1471 2472 inter
1493 2449 1662 2471 numeratur
1684 2441 1873 2471 WELLIUS
1895 2441 1985 2475 inde,

1237 2481 1466 2520 Praecipuosque
1488 2481 1601 2514 Viros,
1620 2489 1749 2517 unquam
1773 2490 1848 2518 quos
1874 2482 1947 2510 alma
1967 2480 2085 2513 lacertis

1237 2521 1372 2559 Suscepit
1397 2522 1495 2550 Mater
1514 2520 1698 2550 Grndiorum
1714 2542 1720 2553 ‚
1739 2521 1865 2557 orbique
1887 2521 2045 2558 stupendos

1238 2560 1431 2590 Christiadum
1454 2559 1543 2589 dedit.
1574 2559 1614 2588 Ut
1637 2559 1731 2588 crevit
1755 2559 1912 2597 sapientia,
1931 2560 2044 2590 tantum

1237 2600 1341 2629 Gloria
1367 2610 1433 2629 mox
1456 2599 1564 2632 crevit,
1587 2598 1659 2626 Divi
1681 2598 1813 2627 subsellia
1836 2599 1914 2628 Petri

1238 2639 1407 2669 Canonicos
1430 2639 1504 2668 inter
1528 2637 1659 2670 scandit,
1685 2641 1845 2676 meritaque
1866 2639 1982 2667 locatur

1238 2680 1272 2712 In
1296 2679 1383 2716 sede,
1404 2677 1473 2710 inde
1496 2678 1580 2713 brevi
1602 2678 1740 2709 naeuius
1759 2680 1875 2710 culmen
1898 2676 2034 2710 honoris.
