2414 3105
530 197 714 258 quarta
751 185 805 239 in
844 177 996 263 Festo
1036 176 1398 262 Affumtionis.
1442 180 1518 239 B.
1559 179 1646 237 M.
1692 176 1756 239 V.

99 283 161 310 tam
178 275 256 309 illam
280 285 430 318 poenarum
453 276 554 307 seriem
568 298 578 312 ‚
598 286 685 315 quarn
706 285 758 316 per
779 276 922 315 integram
936 275 1101 306 AEternita-

104 325 162 348 tem
186 318 376 347 sustinebunt.

143 357 216 386 Htec
231 356 417 388 AEiternitatis
440 353 615 393 recogitatio
637 354 667 385 in
681 354 810 385 furorem
829 355 859 385 δε
872 355 1102 394 desperationem

103 397 223 426 miseros
249 396 316 425 illos
347 403 501 425 convertet
521 417 530 428 ,
552 402 640 431 atque
659 395 688 422 in
716 394 812 424 Deum
829 416 838 430 ,
863 396 950 432 cujus
975 395 1103 424 sentiunt

102 435 262 465 Vindicem
283 435 459 467 Dexteram,
483 433 561 464 mille
580 433 721 471 injurias,
741 435 818 464 mille
847 433 1037 472 blasphemias
1058 434 1106 462 fa-

104 475 165 504 ciet
185 483 352 504 evomere...
379 473 417 501 Et
438 472 571 510 profecto
596 473 661 510 quis
682 473 754 502 illud
779 474 965 503 AEternitatis
988 475 1105 512 pondus

104 514 180 544 ferre
200 515 305 543 valet?
326 512 399 550 Quis
424 513 472 540 vel
492 513 587 541 levem
611 513 738 548 ejusdem
762 513 975 542 similitudinem
1001 515 1106 542 adum-

104 555 217 583 brare?
238 552 330 581 Varia
348 552 377 580 in
400 551 474 579 hanc
496 560 555 580 rem
582 551 735 581 adducunt
754 552 803 581 SS.
828 553 927 582 Patres
942 573 951 586 ,
972 552 1019 581 sed
1039 553 1104 581 nul-

104 594 162 623 lam
180 591 305 630 reperire
330 590 367 620 est
389 590 486 619 ideam
499 611 508 625 ‚
530 600 595 627 quae
610 591 792 629 aliquatenus
805 592 886 630 pollit
899 591 1039 629 attingere
1052 592 1107 621 ini-

105 631 231 661 mensam
253 629 438 659 AEternitatis
462 631 756 660 durationem:unde
777 632 854 661 reete
870 632 1023 661 concludit
1037 631 1106 660 Au-

106 670 253 709 gustinus:
270 671 412 708 Quidquid
434 672 504 698 afficis
528 673 559 698 de
583 674 733 700 <eternitate
756 676 846 700 minus
867 674 936 700 dicis

145 709 219 739 Non
244 709 363 748 pigeat,
382 708 558 738 Dileffiffimi
574 730 583 743 ,
602 710 650 738 hic
678 710 785 740 iterum
811 720 872 739 eam
896 709 999 739 audire
1023 718 1107 738 com-

106 748 290 788 parationem
302 771 309 782 ,
328 758 414 786 quam
425 749 521 777 adhuc
536 749 605 778 alias
620 749 716 780 Vobis
732 749 883 788 proposui.
907 749 1022 786 Fingite
1035 756 1107 778 tam-

108 788 160 817 diu
185 788 352 826 puniendos
381 790 533 817 damnatos
550 809 558 823 ,
580 789 676 818 donec
708 788 831 819 formica
857 791 992 827 quiedam
1009 809 1017 823 ,
1041 784 1108 825 q'ute

109 828 224 864 singulis
243 828 357 857 tantum
375 829 454 856 mille
478 828 559 857 annis
580 828 665 857 semel
688 837 878 867 compareat,
899 829 1031 865 greffibus
1050 828 1108 857 suis

109 867 287 896 contriverit
316 868 400 905 hujus
415 867 554 896 Univerli
571 877 686 897 montes
697 888 705 901 ,
728 868 835 906 eosque
849 869 1010 906 aequaverit
1024 868 1087 897 solo
1102 878 1107 897 :

106 906 165 945 jam
191 907 306 943 quinies
327 907 439 936 tantum
459 908 493 935 ab
506 906 585 935 Orbe
609 908 739 937 Condito
755 907 960 946 comparuisset
973 908 1035 936 hacc
1049 908 1111 936 for-

111 945 187 974 r‘nica
203 965 212 979 ,
231 945 260 974 &
291 945 381 983 quid,
404 946 522 983 quiesci,
546 945 730 983 perfecisset?
751 948 868 976 Interim
889 946 993 984 aliquis
1015 945 1112 975 saltem

112 984 162 1014 hic
186 985 275 1024 poil'et
297 986 455 1023 aliquando
479 985 585 1023 sperari
611 987 684 1015 finis.
718 987 776 1016 Sed
797 986 923 1024 ponite,
944 986 1001 1022 jam
1019 986 1113 1014 mille-

112 1024 163 1053 sies
187 1024 289 1053 millies
311 1025 398 1062 hujus
417 1024 549 1053 formicae
571 1028 662 1063 operit
687 1034 780 1054 totum
794 1024 876 1054 fuisse
897 1026 1114 1062 complanatum

113 1063 223 1092 Orbem
238 1084 247 1098 ‚
269 1071 338 1092 tunc
367 1064 463 1093 adhuc
494 1065 597 1093 eodem
625 1065 695 1093 loco
716 1072 800 1093 ernnt
832 1065 984 1096 damnati,
1008 1065 1061 1092 acii
1086 1063 1117 1091 in

115 1103 214 1142 primo
238 1102 425 1132 AEternitatis
449 1112 482 1131 ac
507 1109 721 1132 tormentorum
744 1103 862 1132 suorum
877 1110 1027 1132 momento
1051 1111 1119 1130 ver-

113 1143 251 1173 sarentur.
275 1143 318 1172 Ite
339 1142 416 1178 jam,
439 1140 470 1169 ἃ*
485 1141 573 1170 dicite
590 1143 609 1170 fi
631 1141 749 1180 potestis
764 1165 771 1175 ‚
795 1142 866 1178 quid
889 1142 919 1170 lit
938 1141 1119 1171 AEternitas:

115 1180 265 1218 concipite
279 1201 287 1215 ,
314 1181 399 1218 quam
419 1179 554 1209 immensa
575 1181 604 1209 in
627 1181 687 1218 ipra
709 1182 966 1219 conprehendatur
991 1181 1119 1210 duratio.

155 1220 211 1248 Sed
239 1221 319 1256 quod
344 1220 374 1248 in
398 1228 505 1247 vanum
531 1221 657 1249 damnati
681 1222 867 1258 recogitant,
894 1221 924 1249 id
949 1221 1036 1254 Vos,
1063 1220 1118 1248 Di—

112 1258 249 1289 leetiifimi
266 1260 382 1292 ,multo
398 1268 464 1287 cnm
486 1258 583 1287 fruCiu
606 1259 725 1298 potestis
748 1261 938 1298 perpendere.
965 1262 1119 1288 Memorare

113 1301 255 1336 now'ffivza
277 1309 343 1333 tua,
371 1298 466 1336 inquit
487 1298 614 1336 Spiritus
646 1300 788 1333 Sanetus,
823 1299 946 1336 (Eccli.
960 1302 1012 1337 7.)
1038 1302 1063 1328 tr
1087 1304 1117 1328 in

116 1350 245 1368 aeternum
273 1350 327 1366 non
346 1341 483 1375 peccabis.
515 1338 690 1367 Descendite
712 1340 741 1367 in
771 1339 917 1368 infernum
956 1338 1115 1373 viventes,

114 1379 163 1409 sed
185 1377 351 1407 descendite
374 1386 439 1406 cum
463 1377 534 1406 Fide
557 1378 654 1412 Viva,
678 1377 707 1408 δι
733 1379 829 1408 animo
846 1380 881 1407 ad
900 1387 1010 1408 tantum
1036 1379 1116 1416 spec-

115 1419 247 1447 taculum
275 1417 348 1446 bene
372 1426 536 1455 praepara‘o
554 1429 558 1445 :
578 1427 669 1446 annos
698 1426 824 1448 aeternos
849 1418 994 1448 haberein
1023 1426 1117 1447 niente

118 1459 230 1486 nullum
255 1456 445 1494 praesentius,
467 1457 578 1496 nullum
602 1457 748 1486 efficacius
779 1459 863 1487 datur
885 1457 1026 1492 adversus
1048 1466 1119 1496 pec-

118 1505 184 1526 cata
208 1496 392 1530 remedium3
416 1496 495 1525 nulla
522 1496 687 1533 cogitatio,
708 1505 773 1535 quae
798 1498 813 1526 a
838 1494 920 1527 tanto
951 1497 1118 1528 infortunio

114 1535 248 1566 ,securius
270 1535 385 1564 liberet.
397 1557 403 1564 .
417 1556 424 1564 .
440 1556 447 1564 .

160 1574 278 1604 Interim
301 1574 331 1603 in
346 1583 467 1608 omnes,
490 1581 638 1612 quotquot
666 1574 762 1605 sumus
785 1575 921 1604 mortales
936 1595 944 1610 ,
964 1574 1049 1605 semel
1069 1574 1119 1604 illa

119 1613 306 1659 superveniet
331 1613 433 1643 mortis
458 1614 550 1648 liora,
571 1613 633 1653 post
657 1624 742 1651 quain
764 1614 900 1652 sequetur
915 1615 1068 1646 ‚iudicium
1090 1614 1119 1643 δι

122 1653 308 1686 Asici-nitas,
334 1653 392 1681 sive
416 1653 507 1687 felix,
534 1654 590 1682 live
615 1652 723 1683 infelix.
755 1653 863 1682 Fatalis
887 1655 949 1683 hcec
972 1653 1120 1683 alternati·

122 1701 181 1727 va,
201 1693 301 1729 juanta
325 1702 391 1721 cum
414 1692 624 1722 incertitudine
648 1694 731 1723 sortis
755 1693 858 1722 nostrae
874 1713 882 1727 ,
903 1693 933 1722 in
955 1703 1011 1731 qua
1038 1692 1121 1722 vivi-

126 1741 189 1761 mus
202 1752 211 1766 ,
232 1731 291 1769 ipsa
312 1731 449 1761 concurrit
469 1732 642 1762 sanctorum
664 1731 720 1762 offa
734 1755 741 1766 ‚
763 1731 793 1761 ἃ
815 1732 999 1764 Justiilimurrr
1018 1742 1121 1770 quem-

122 1771 170 1800 vis
193 1772 316 1800 horrore
335 1778 488 1809 percutere
511 1780 575 1801 nata
600 1771 646 1800 est.
682 1772 829 1809 Propheta
854 1772 913 1804 Job
942 1777 984 1800 vir
1001 1775 1120 1810 simplex

127 1813 153 1838 Cr
175 1815 260 1839 renus
274 1829 282 1843 2
304 1811 352 1839 cui
375 1822 427 1838 non
449 1809 507 1839 era't
520 1814 622 1847 similis
643 1816 672 1839 in
696 1822 787 1846 terra,
812 1811 890 1849 (Job
909 1811 958 1847 2.)
981 1812 1123 1850 expaves-

126 1851 208 1879 cebat
231 1849 392 1880 Judicium.
426 1849 571 1880 Ezechias
594 1851 658 1880 Rex
677 1851 825 1889 optimus,
846 1851 914 1880 dum
937 1849 1122 1881 moriendum

126 1889 176 1918 sibi
197 1888 334 1917 audiebat
348 1909 357 1923 ,
370 1893 488 1929 stettin...
508 1893 571 1928 fletu
596 1903 704 1930 magno.
728 1890 829 1929 (lsaiae
844 1892 890 1928 38.
906 1892 917 1928 )
936 1891 1123 1920 Contremuit

126 1927 332 1966 Hieronymus
354 1929 404 1958 sub
419 1928 517 1958 cinere
534 1930 562 1959 ἅ·
589 1930 690 1959 cilicio
704 1952 711 1963 ,
727 1931 760 1958 ad
786 1930 902 1959 Vocem
926 1930 1021 1959 Tubae
1035 1951 1043 1965 ,
1058 1939 1124 1968 quse

126 1968 247 1996 auribus
266 1968 326 2005 ejus
347 1968 489 2007 perpetuo
512 1969 676 1998 insonabat.
709 1968 764 1997 Sed
793 1970 862 2007 quid
888 1972 1029 2008 exemplis
1049 1970 1124 2008 opus

126 2007 190 2050 esi,
211 2006 277 2036 cum
301 2016 345 2036 res
379 2008 438 2046 ipsa
460 2009 599 2046 loquatur
613 2031 622 2043 ,
644 2008 876 2038 terribililiimum
901 2009 970 2047 quid
992 2009 1045 2039 effe
1069 2011 1126 2041 Ju-

127 2046 239 2075 dicium
261 2046 335 2081 Dei,
360 2051 404 2076 uti
429 2047 459 2077 ὅτ
480 2048 707 2079 irrevocabilem
735 2048 814 2078 illam
844 2048 923 2078 Vita:
949 2050 997 2078 vel
1024 2050 1126 2079 mortis

128 2084 263 2116 AEternae
282 2084 472 2117 Sententiam.

164 2127 387 2169 §.Vigilantiam
405 2130 530 2165 skmpm,
549 2139 581 2155 ηε
604 2139 676 2157 mors
704 2139 755 2156 nos
779 2131 904 2157 inveniat
927 2131 1089 2166 imparatos.
1114 2127 1126 2162 )

130 2162 319 2201 vigilandum
343 2165 466 2204 itaque,
490 2167 674 2196 Delessissimi
689 2190 698 2202 ‚
723 2177 760 2196 ne
784 2175 963 2197 momentum
988 2167 1061 2196 istud
1078 2187 1086 2202 ‚
1110 2165 1126 2193 ὲ

131 2211 199 2246 quo·
216 2205 321 2241 pendet
343 2205 451 2235 summa
478 2207 639 2236 Felicitatis
662 2206 765 2236 nostrae
781 2227 790 2242 ,
810 2208 970 2246 imparatos
994 2216 1050 2236 nos
1080 2208 1127 2234 in-

134 2250 252 2276 vemat;
270 2244 298 2272 δε
311 2243 345 2274 eo
360 2249 449 2282 magis
464 2246 661 2283 vigilandum,
677 2247 743 2284 quia
756 2247 884 2276 Christus
899 2246 958 2284 ipse
970 2246 1105 2286 praedixit
1116 2264 1125 2278 ‚

134 2281 238 2327 §Luc-
262 2283 330 2319 ¹2.)
354 2284 382 2313 se
402 2293 559 2315 venturum
574 2290 626 2323 qua
647 2290 712 2315 liora
737 2298 790 2314 non
816 2293 969 2324 putamus,
991 2287 1062 2316 sicut
1080 2285 1128 2314 fur

134 2328 165 2367 ξι]
188 2321 295 2355 UOR&
318 2321 452 2362 solosque
479 2325 547 2355 illos
567 2325 808 2357 introducturum
832 2326 862 2355 in
891 2326 989 2355 Vitam
1016 2337 1128 2363 quos...

134 2363 269 2388 :arcuerit
293 2365 454 2399 vigilantes.

176 2398 258 2443 Qont
276 2399 334 2444 jain
355 2402 476 2432 existunt
503 2403 649 2434 milliones
679 2405 832 2434 hominum
860 2403 890 2433 in
913 2405 1052 2438 inferno,
1081 2403 1132 2441 qui

136 2440 303 2482 amarissime
318 2440 472 2483 deplorant
486 2462 494 2476 ,
517 2443 578 2473 haec
592 2446 607 2472 a
623 2445 648 2472 se
662 2445 790 2481 negleCia
800 2443 882 2473 suiffe
899 2444 1008 2473 monita
1023 2446 1036 2471 ?
1050 2444 1132 2482 Quot

135 2478 266 2506 Vldssnus
289 2479 362 2522 lpfi,
382 2480 432 2523 qui
454 2481 651 2513 ceciderunta
666 2484 775 2513 dextris
798 2483 903 2512 nostris
924 2482 953 2512 &
981 2484 996 2511 a
1021 2480 1133 2511 linistr'is

136 2525 265 2563 quorum
292 2517 340 2546 hic
361 2518 508 2548 subitanea
528 2530 620 2551 morte
647 2523 734 2561 periit
751 2543 760 2557 ,
785 2525 855 2552 alter
876 2522 1060 2556 infortunio,
1075 2531 1133 2551 ter-

135 2562 194 2585 tius
216 2565 245 2599 in
270 2555 340 2585 statu
360 2559 464 2603 ‘aperte
491 2561 714 2597 peccaminoso,
742 2571 861 2600 quartus
883 2561 938 2591 alia
967 2562 1071 2599 quavis
1099 2563 1135 2590 de

138 2595 226 2624 causa
239 2599 425 2634 improvidus
440 2598 468 2626 ἃ
483 2598 638 2636 imparatus
674 2601 788 2631 Felices
800 2611 855 2631 nos
869 2621 877 2635 ,
890 2602 907 2629 li
920 2600 1012 2629 aliena
1036 2609 1135 2629 exem-

137 2635 312 2679 pla'cautos
336 2645 391 2665 nos
416 2637 558 2667 reddant!
596 2639 645 2668 Sic
667 2640 766 2678 itaque
788 2643 921 2670 vivamus
946 2641 1077 2678 semper,
1101 2640 1137 2668 fi-

137 2682 205 2719 cutt·
226 2683 362 2718 cupimus
383 2676 470 2705 mori.
505 2677 607 2715 Qualis
633 2679 713 2714 vita,
733 2680 798 2709 talis
823 2680 860 2709 est
884 2681 945 2717 ejus
974 2680 1069 2708 exitus
1083 2701 1091 2715 ,
1106 2679 1136 2708 &

136 2720 223 2741 mnus
240 2715 388 2758 *prodigus
414 2715 480 2744 esset
505 2715 613 2747 Salutis
640 2718 718 2752 suae,
739 2719 791 2756 qui
815 2719 988 2748 miraculum
1013 2718 1060 2747 hic
1085 2719 1139 2748 ali-

136 2753 218 2789 quod
238 2763 268 2782 in
281 2755 412 2785 savorem
431 2755 513 2785 suum
532 2758 547 2786 a
562 2757 629 2788 Deo
650 2758 825 2797 expectaret.
854 2757 934 2790 Tota
957 2758 1019 2788 vita
1043 2760 1138 2789 nolira

2067 196 2173 259 133

1172 273 1246 303 nihil
1267 273 1348 302 aliud
1371 272 1402 301 fit
1425 279 1566 310 oportet,
1590 271 1677 308 quam
1697 271 1838 301 continua
1856 271 1892 301 ad
1917 277 2039 300 mortem
2059 282 2175 313 praepa-

1172 312 1258 342 ratio.
1284 312 1315 342 Si
1335 313 1393 342 hoc
1415 312 1499 348 egisse
1517 312 1697 350 reperiamur
1717 312 1746 340 in
1772 320 1920 340 momento
1941 309 1993 340 isto
2016 311 2192 348 &taline-0.

1173 352 1267 381 cimus
1297 351 1392 383 satis;
1414 354 1432 379 li
1452 351 1533 380 secus
1569 351 1705 383 eveniat,
1731 358 1827 379 totum
1855 349 2033 387 perdidimus
2037 372 2134 382 .....

1172 392 1281 422 lterum
1306 391 1395 428 igitur
1423 399 1510 428 atque
1529 390 1655 423 iterum,
1679 388 1856 419 Dilectiffimi
1871 408 1880 422 ,
1906 397 2065 427 pra-parate
2090 391 2175 421 Vos-

1174 430 1312 468 metipsos
1335 430 1505 469 tempestive
1534 431 1569 458 ad
1598 434 1742 462 mortem,
1766 429 1795 457 ὅε
1816 427 1884 457 ideo
1912 429 2072 465 recogitate
2100 440 2175 460 con-

1174 470 1258 499 tinuo
1281 468 1352 507 quid
1374 471 1388 498 a
1414 469 1513 499 Vobis
1533 470 1627 505 exigat
1646 467 1843 496 Sacerdotalis
1866 467 1965 496 Status
1982 488 1990 499 ,
2017 472 2172 504 quomodo

1175 510 1212 537 ad
1235 509 1328 547 ipsum
1358 509 1534 542 ascendere,
1558 506 1711 546 quomodo
1743 506 1773 535 in
1800 516 1836 536 eo
1869 506 1974 535 versari
1990 526 1999 540 ,
2020 510 2175 544 quomodo

1175 549 1206 577 in
1230 548 1283 577 illo
1313 548 1442 577 debeatis
1465 547 1561 582 mori,
1582 554 1669 584 atque
1692 546 1728 573 ad
1748 546 1834 583 hujus
1847 545 1944 575 Officii
1956 545 2085 575 debitum
2110 548 2179 577 uni-

1177 588 1285 616 versam
1310 588 1378 616 vitae
1403 588 1547 618 rationem
1574 586 1702 624 dirigite.

1216 630 1466 664 (chraesenmtur
1487 639 1557 655 mors
1584 627 1738 654 Sacerdotis
1753 625 1820 652 mali
1844 636 1902 653 cum
1914 626 2040 652 omnibus
2049 627 2112 659 suis
2126 629 2182 654 cir·

1176 670 1346 705 cumstanziis
1360 669 1395 703 ,*)
1416 667 1474 697 Sed
1500 675 1531 698 ut
1557 667 1614 695 hoc
1637 664 1723 694 altius
1749 663 1890 693 itihaereat
1914 663 2012 692 animo
2027 683 2035 697 ,
2057 662 2086 693 &
2103 674 2180 702 quo—

1176 706 1253 736 niam
1270 707 1400 744 exempla
1422 705 1557 736 vivacius
1572 704 1680 734 feriunt
1701 703 1787 741 quam
1803 711 1950 741 praecepta
1962 723 1971 736 ,
1985 702 2051 731 ideo
2062 703 2093 731 in
2106 704 2185 732 ima-v

1175 746 1241 783 gine
1265 745 1364 776 Vobis
1382 746 1528 775 exhibebo
1554 752 1677 774 mortem
1702 744 1773 771 boni
1795 743 1824 772 ὃς
1847 744 1914 772 mali
1936 742 2103 771 Sacerdotis
2119 764 2128 777 ‚
2150 751 2183 772 ut

1176 786 1206 814 in
1235 786 1289 814 hac
1317 785 1464 820 videatis,
1486 784 1557 823 quid
1589 783 1761 821 fugiendum
1795 781 1893 811 Vobis
1920 781 1975 813 fit.·
2005 782 2034 809 in
2062 781 2117 809 alia
2147 791 2183 811 ex

1178 825 1303 854 adverso
1329 824 1400 862 quid
1421 825 1599 863 sequendum
1625 824 1655 852 oz
1677 821 1859 851 imitandum.
1889 822 1921 851 In
1949 821 2001 849 liae
2026 820 2186 855 videbitis,

1180 873 1301 893 mortem
1318 884 1326 897 ,
1351 873 1389 900 qu
1451 874 1466 893 e
1488 865 1515 894 se
1540 862 1679 893 terribilis
1694 861 1778 890 nimis
1792 861 1830 889 eit
1842 883 1850 895 ,
1863 860 2068 890 terribiliorem
2085 867 2183 890 tamen

1180 903 1241 932 fieri
1262 903 1415 932 Sacerdoti
1429 903 1566 942 *peccatis
1586 902 1691 932 onusto
1704 923 1711 935 ,
1732 900 1818 937 quain
1844 900 1965 938 reliquis
1991 898 2182 928 hominibus:

1183 945 1212 972 ὄῑ
1235 951 1338 972 contra
1362 943 1433 972 boni
1466 942 1634 973 Sacerdotis
1663 947 1786 970 mortem
1809 940 2006 978 spectaculum
2039 938 2092 967 etse
2121 939 2186 968 sua-

1180 983 1273 1011 vitate
1300 982 1329 1010 &
1355 983 1561 1012 consolatione
1587 982 1717 1020 plenum.

1222 1021 1442 1060 Repraesentate
1469 1023 1567 1059 itaque
1603 1019 1725 1054 Vobis,
1760 1017 1960 1052 Dilectiffimi,
1997 1016 2187 1047 Sacerdotem

1185 1060 1351 1099 quempiam
1366 1081 1375 1095 ,
1394 1061 1445 1097 qui
1464 1062 1519 1090 line
1538 1060 1684 1090 sanffitate
1699 1081 1706 1092 ,
1721 1058 1776 1087 line
1794 1060 1860 1087 zelo
1873 1080 1881 1091 ,
1900 1057 1957 1086 line
1977 1056 2072 1086 frtrem
2094 1057 2188 1085 trans-

1185 1100 1255 1128 astis
1287 1100 1317 1128 in
1342 1098 1516 1129 sanctuario
1536 1100 1618 1128 anuis
1638 1097 1793 1136 pluribus,
1807 1098 1867 1134 jam
1888 1096 1917 1125 in
1938 1097 2046 1126 lefiiulo
2074 1097 2189 1126 doloris

1189 1138 1364 1172 decumbit,
1387 1140 1417 1168 δι
1443 1141 1473 1167 in
1499 1139 1637 1168 faucibus
1661 1138 1762 1166 mortis
1790 1137 1908 1165 existens
1939 1134 2114 1174 praeteritam
2139 1136 2188 1164 vi-

1189 1186 1246 1207 tam
1272 1177 1301 1206 in
1327 1178 1497 1208 memoriam
1526 1184 1658 1207 revocat.
1677 1176 1793 1215 Quanta
1814 1176 1897 1205 Deus
1911 1175 2014 1205 Bone!
2032 1174 2101 1204 huic
2130 1175 2188 1204 sese

1190 1217 1312 1247 offerent
1337 1217 1470 1246 horroris
1494 1218 1629 1255 objecta!

1228 1256 1302 1286 Non
1321 1259 1378 1294 jam
1400 1258 1504 1295 loquar
1528 1258 1563 1285 de
1598 1254 1712 1285 deliCtis
1740 1254 1770 1284 δι
1799 1253 1974 1291 ignorantiis
2002 1253 2192 1290 juventutis,

1188 1304 1254 1334 quae
1270 1297 1320 1334 ipfi
1343 1305 1409 1325 cum
1431 1296 1551 1333 reliquis
1578 1295 1746 1325 hominibus
1781 1294 1897 1333 pofl'unt
1918 1293 1969 1322 else
2000 1292 2189 1326 communia,

1185 1337 1234 1365 sed
1261 1343 1373 1364 tantuin
1393 1337 1428 1364 de
1450 1335 1584 1365 indebito
1610 1337 1645 1364 ad
1668 1333 1871 1363 sanctuarium
1899 1331 2021 1370 ingressu
2036 1343 2044 1359 .·
2068 1333 2103 1360 de
2130 1332 2193 1360 Mt,

1186 1374 1303 1405 nisterio
1327 1374 1411 1404 sterili
1444 1376 1473 1405 ἃ
1502 1375 1648 1412 indigum
1672 1376 1707 1403 de
1732 1381 1777 1402 tot
1799 1371 1932 1406 Gratiis,
1955 1370 2075 1401 annexis
2087 1370 2192 1402 Sacerff

1187 1416 1293 1448 dotio,
1314 1414 1450 1451 negleeiis
1472 1416 1507 1443 ab
1532 1414 1584 1444 illo
1613 1414 1642 1444 &
1657 1412 1837 1446 contemtis;
1862 1413 1897 1441 de
1912 1411 1997 1440 tantis
2020 1410 2192 1441 criminibus

1187 1455 1245 1483 live
1265 1455 1301 1481 ab
1322 1454 1386 1492 ipso
1406 1454 1465 1483 five
1493 1455 1529 1482 ab
1548 1453 1610 1483 aliis
1635 1452 1805 1486 commiliis,
1831 1460 1959 1489 quorum
1983 1451 2011 1479 se
2038 1459 2119 1479 reum
2142 1459 2192 1480 aut

1186 1493 1366 1532 participem
1385 1494 1533 1530 agnoscet.

1229 1532 1353 1572 Videbit
1366 1533 1475 1562 scilicet
1491 1553 1499 1567 ,
1522 1532 1549 1561 se
1572 1532 1587 1559 ’ὲι
1608 1530 1704 1569 primo
1729 1530 1868 1560 aberrasse
1882 1528 1957 1567 passu
1971 1549 1981 1563 ‚
2005 1527 2102 1557 &fine
2125 1529 2195 1559 Vo-

1188 1573 1305 1603 catione
1327 1573 1383 1602 sine
1410 1572 1509 1601 debita
1535 1571 1750 1610 praeparatione
1769 1577 1915 1608 tamquam
1938 1567 2194 1610 latronem—'intra-

1189 1613 1258 1641 ville
1283 1611 1439 1641 Ecclefiam
1454 1632 1463 1646 ,
1486 1620 1575 1649 atque
1598 1611 1638 1639 ita
1661 1608 1911 1640 contaniinallese
1931 1607 2191 1644 Sacerdotn‘D-15-
2210 1623 2215 1627 ν

1189 1652 1309 1682 nitatem
1325 1674 1333 1685 ‚
1354 1651 1542 1681 Santiitatem
1569 1649 1716 1679 Altarium
1731 1670 1739 1683 ,
1759 1658 1845 1686 atque
1873 1657 1909 1677 eo
1927 1647 1991 1685 ipso
2018 1655 2167 1676 momento
2185 1666 2194 1681 ,

1188 1701 1250 1730 quo
1268 1692 1356 1720 Sacra
1379 1691 1427 1719 illa
1446 1691 1475 1720 in
1499 1699 1565 1718 eum
1586 1688 1734 1718 diffluebat
1754 1689 1881 1717 Unciio.
1897 1696 1962 1724 quie
1977 1685 2192 1714 plenitudinem

1194 1729 1320 1769 Spiritus
1343 1730 1441 1759 Sanfiii
1465 1730 1494 1759 in
1523 1729 1616 1767 ipsum
1647 1727 1784 1757 debuisset
1813 1727 1982 1760 effundere,
2017 1725 2130 1754 videbit
2167 1725 2195 1755 sc

1188 1769 1369 1809 proculcasse
1389 1770 1475 1798 Dona
1498 1769 1580 1801 Dei,
1599 1768 1628 1797 &
1651 1768 1815 1796 thesaurum
1848 1767 1898 1795 irae
1926 1766 1976 1794 fibi
2003 1764 2195 1801 congregasse.
2221 1795 2223 1798 Α

1239 1809 1349 1838 Veniet
1382 1809 1488 1838 deinde
1522 1807 1677 1837 Ministerii
1714 1814 1829 1844 tenipus
1872 1805 2003 1834 steriliter
2035 1804 2064 1833 ἅ
2098 1804 2196 1841 indig<

1190 1849 1226 1879 ne
1262 1849 1446 1877 transactum.
1488 1847 1605 1876 Sciebat
1632 1867 1641 1881 ,
1666 1854 1757 1876 totam
1783 1844 1950 1875 Sacerdotis
1982 1843 2071 1872 vitam
2105 1843 2195 1872 Divi-

1191 1898 1236 1918 nae
1261 1887 1374 1917 Gloria:
1398 1887 1427 1917 &
1450 1887 1657 1916 proximorum
1684 1885 1777 1915 Saluti
1799 1885 2024 1914 consecrandam
2050 1882 2122 1916 effe,
2144 1892 2198 1912 ne—

1192 1937 1249 1966 que
1272 1927 1357 1964 nugis
1381 1936 1430 1956 aut
1447 1926 1636 1955 saecularibus
1662 1924 1883 1955 oblectamentis
1906 1922 2126 1961 inquinandam.
2154 1922 2198 1951 At

1192 1967 1253 2006 ipse
1288 1967 1466 1996 mortificato
1491 1965 1614 1995 vivendi
1645 1964 1797 2002 generi&
1828 1964 1981 1992 laboribus
2014 1960 2196 1999 Apostolieis

1194 2009 1282 2046 pleno
1296 2027 1305 2041 ,
1320 2007 1412 2036 vitam
1427 2005 1571 2035 substituit
1588 2005 1710 2034 otiosam
1729 2005 1758 2033 δε
1782 2004 1898 2033 mollem
1936 2002 2067 2039 Tempus
2081 2022 2091 2036 ,
2114 2002 2194 2038 quot:

1194 2047 1288 2076 studio
1303 2069 1310 2080 ,
1333 2047 1416 2085 quod
1437 2044 1590 2078 orationi,
1616 2045 1698 2082 quod
1719 2042 1878 2073 Charitatis
1904 2041 2043 2079 operibus
2072 2041 2199 2069 debebat

1193 2088 1366 2124 impendre,
1393 2085 1535 2114 inntiliter
1567 2084 1742 2117 connmuit,·
1771 2083 1819 2112 sua
1856 2081 2010 2119 quaelivit‚
2037 2088 2096 2108 non
2130 2088 2196 2116 quae

1195 2126 1264 2157 Jesu
1287 2125 1390 2155 Christi
1407 2135 1414 2157 ;
1437 2125 1497 2153 levi
1523 2124 1737 2154 oblectamento
1751 2143 1760 2157 ,
1773 2120 1908 2159 fugitivae
1929 2119 2073 2163 voluptati
2090 2118 2199 2163 {Eter-

1196 2174 1262 2194 nam
1282 2165 1358 2195 suam
1392 2164 1566 2193 sacrificavit
1603 2163 1754 2192 Salutem:
1781 2171 1842 2191 non
1868 2161 1977 2189 animas
2009 2161 2113 2197 plicari
2141 2158 2199 2186 iiu-

1198 2205 1262 2234 duit
1279 2226 1289 2239 ,
1312 2205 1358 2234 sed
1387 2203 1507 2232 divitias
1530 2202 1560 2232 δι
1581 2202 1651 2231 vitae
1674 2203 1830 2232 commoda
1845 2220 1854 2235 ,
1878 2208 1963 2237 atque
1977 2198 2043 2228 ideo
2058 2199 2117 2241 jani
2131 2204 2198 2241 ante
2215 2230 2218 2231 ⁷

1197 2245 1304 2274 oculos
1326 2246 1386 2282 ejus
1412 2242 1563 2272 versantur
1587 2251 1687 2271 omnes
1713 2241 1772 2269 ista:
1786 2240 1908 2273 animm,
1931 2247 2001 2276 quas
2015 2238 2199 2280 ,negligentia

1200 2284 1229 2314 &
1253 2283 1419 2321 ignorantia
1443 2281 1491 2310 sua
1513 2281 1664 2319 perdidit,
1684 2290 1750 2318 qua:
1776 2280 1961 2308 ambularunt
1993 2286 2069 2306 vram
2101 2277 2201 2315 perdi-

1198 2324 1309 2357 tionis,
1325 2324 1353 2351 &
1379 2330 1451 2360 quas
1473 2330 1530 2350 tam
1556 2320 1643 2349 facile
1667 2319 1820 2350 reduxisset
1842 2319 1875 2347 ad
1901 2316 2033 2351 ,semitam
2071 2316 2199 2360 Virtutis

1200 2364 1218 2391 ii
1245 2372 1299 2400 pro
1326 2362 1453 2391 Munere
1479 2361 1531 2389 suo
1559 2359 1770 2388 auxiliatricem
1793 2359 1993 2387 eisdexteram
2019 2356 2199 2393 porrexiilct.

1200 2402 1315 2430 Harum
1352 2402 1475 2438 aliquae,
1502 2400 1561 2436 jam
1592 2407 1657 2428 ante
1686 2399 1780 2437 ipsum
1804 2400 1835 2427 in
1867 2396 2012 2426 infernum
2045 2396 2167 2424 detrusae
2191 2414 2202 2429 ,

1200 2441 1348 2470 infelicem
1363 2447 1535 2469 execrantur
1549 2438 1694 2467 Pastorem
1710 2458 1719 2472 ,
1729 2438 1836 2477 quibus
1850 2435 1949 2474 postea
1971 2434 2000 2464 ἀ
2013 2435 2110 2463 alterae
2124 2444 2203 2464 con-

1197 2482 1380 2519 jungentur,
1400 2488 1513 2509 novum
1544 2478 1720 2516 supplicium
1753 2477 1857 2506 misero
1880 2474 2035 2504 Sacerdoti
2066 2474 2204 2504 illaturae.

1202 2521 1314 2549 Harum
1332 2528 1421 2548 voces
1439 2520 1498 2556 jain
1511 2517 1644 2546 insonant
1660 2517 1779 2546 auribus
1794 2515 1964 2545 moribundi
1979 2524 1985 2542 ε
2005 2514 2106 2542 harum
2133 2523 2204 2543 exe-

1203 2559 1350 2589 crationes
1376 2557 1546 2596 singultibus
1566 2557 1681 2591 niixtae,
1700 2565 1736 2585 ex
1758 2565 1835 2585 nunc
1860 2555 2009 2584 horrendo
2033 2552 2200 2592 spcfitaculo

1204 2599 1330 2628 animum
1355 2599 1417 2634 ejus
1443 2597 1629 2627 concutiunt.

1244 2638 1302 2668 Sed
1320 2637 1391 2675 quid
1416 2637 1492 2669 erit,
1516 2634 1713 2668 Dileetilllmi,
1737 2635 1855 2672 quando
1875 2633 1903 2663 ei
1924 2633 2063 2663 redibunt
2087 2631 2117 2661 in
2143 2640 2204 2660 me-

1206 2679 1328 2706 moriam
1340 2685 1385 2706 tot
1407 2675 1626 2715 profanationes
1643 2674 1672 2704 &
1685 2674 1832 2711 sacrilegia
1847 2686 1855 2707 ‚·
1869 2681 1915 2702 tot
1938 2672 2108 2714 Gratiarum
2131 2680 2202 2708 quas

1206 2716 1314 2754 repulit
1329 2735 1338 2750 ,
1362 2716 1391 2745 &
1414 2725 1512 2745 rerum
1532 2714 1686 2744 sacrarum
1701 2736 1709 2747 ‚
1729 2723 1799 2751 quas
1813 2712 1932 2750 indigne
1952 2712 2089 2741 trassavu
2104 2730 2112 2743 ,
2135 2718 2202 2748 per·
2228 2726 2233 2738 t

1208 2756 1355 2787 ditiilimus
1376 2755 1480 2785 abusus
1495 2753 1618 2823 ‘h'lk‘lunc
1639 2762 1705 2784 cum
1719 2753 1812 2793 impio
1828 2752 1986 2784 Antiocho
2008 2749 2205 2788 desperabun-
