2414 3105
806 148 863 204 in
915 140 1066 227 Festo
1119 98 1441 226 Epiphaniae.

69 243 119 281 (Ι.
137 245 207 279 Cor.
224 249 279 287 3.)
301 247 463 287 praedicare
484 242 581 284 potest
603 243 745 274 moralem
767 243 916 277 sanetam3
944 244 991 273 sed
1017 251 1077 273 non

74 286 130 316 crit
149 288 200 317 uisi
225 299 263 316 aes
279 290 386 323 sonans
407 296 457 314 aut
479 286 634 323 ‹ymbalum
651 287 785 312 tinniens.
808 283 841 321 (l
864 283 925 313 Cor
953 291 986 321 13
1007 284 1020 320 )

115 326 173 356 Hic
199 334 294 355 autern
316 323 460 356 orationis
479 323 598 363 spiritus
621 323 717 361 qualis
740 321 813 357 erit,
838 321 1039 356 Dilect‘nhmi,
1058 322 1078 351 fi

74 364 218 395 Sacerdos
239 364 361 394 nimium
385 364 412 392 se
438 362 468 391 in
495 370 612 392 externa
635 362 664 392 δι
687 362 803 392 inutilia
829 361 984 392 effundat?
999 361 1077 390 mille

75 404 234 443 pastiones,
255 403 332 434 mille
355 401 534 433 tentationes
547 424 556 437 ,
580 401 658 431 mille
683 401 859 440 periculosa>
879 401 1076 440 imprelliones

74 452 177 482 pacem
197 442 299 473 animive
316 443 377 481 ejus
390 442 625 480 perturbabunt;
641 441 716 470 inter
727 440 787 479 ipsa
803 442 953 470 tremenda
967 439 1078 479 Myste-

74 482 119 511 ria
142 489 264 511 mentem
286 482 347 520 ejus
377 482 408 511 in
434 481 572 510 saeculum
600 479 774 510 transferent
796 503 805 515 ,
835 480 885 510 cui
918 490 969 511 cor
995 482 1079 509 suum

77 520 197 550 affixit...
212 520 290 560 Quid
303 521 390 551 nobis
406 520 435 550 δί
450 521 562 550 mundo
577 530 585 554 .·,
600 523 735 550 Mundus.
749 540 757 548 .
771 522 913 559 gaudebit:
928 532 977 548 vos
989 531 1082 549 autem

73 563 318 598 contristabimini,
340 561 450 598 (Joan.
470 560 513 589 16.
532 563 542 596 )
566 560 663 598 inquit
677 559 809 590 Christus
823 558 999 597 Apostolis;
1014 557 1083 597 quia

77 598 191 628 scilicet
215 602 341 629 mundus
363 599 449 637 nugis
468 599 649 634 deleCiatur,
672 600 799 629 mundus
821 599 1009 630 saecularibus
1032 600 1084 628 de-

79 637 190 668 fidenis
203 640 231 668 se
245 647 374 679 occupat
392 651 398 669 :
413 638 608 669 sacerdotum
625 647 722 669 autern
735 637 774 668 est
793 647 878 669 orare
899 638 1083 674 Dominum,

71 679 184 716 plorare
208 683 281 708 inter
306 681 463 718 vestibulum
489 681 515 707 Cr
539 681 626 708 altare
642 699 651 714 ,
674 679 778 717 (Joffl.
799 686 823 707 2.
844 679 855 715 )
883 676 913 707 ἃ
937 678 1012 707 inter
1037 686 1085 708 tot

74 716 210 747 scaudala
237 727 384 755 gementes
406 718 504 748 dicere
519 729 617 757 :parce
641 721 762 747 Domine
775 737 785 752 ‚
799 729 883 756 parce
902 720 1006 756 populo
1019 728 1084 754 ‘¹1⁰2'

79 755 129 791 ἃ,
148 763 182 786 ne
203 761 299 786 tradas
319 761 410 797 bestiis
433 763 544 787 animas
569 761 729 796 confitentes
754 760 811 786 tibi.
831 756 957 795 (Psalm.
975 766 1011 795 73
1033 759 1045 795 )

117 805 146 833 3.
158 798 177 817 0
201 797 287 826 Alter
301 798 500 828 Sacerdotalis
515 797 631 837 spiritus
654 796 783 826 caracter
795 819 803 831 ‚
819 797 905 826 labor
921 796 959 826 est
982 798 1011 826 ὄι
1026 798 1085 827 sol-

76 834 204 866 licitudo
228 837 372 866 continua
387 861 394 868 .
409 859 415 865 .
429 859 436 867 .
457 860 462 865 .
487 836 682 867 Sacerdotum
705 835 830 874 dignitas
855 834 893 864 est
913 836 1061 867 laboriosa
1078 848 1084 866 :

74 873 206 904 Ecclesia
233 875 292 905 Dei
318 876 416 906 Vinea
443 876 501 911 est,
525 877 654 915 Campus
678 875 716 905 est
731 896 741 911 ‚
765 875 862 905 Medis
886 875 945 911 est,
970 877 1000 906 in
1027 885 1086 914 qua

77 913 214 952 Operarii
236 914 319 944 Sacri
342 915 455 945 frucius
478 917 585 945 debent
604 924 794 954 procurare..
812 937 817 942 .
834 914 874 944 Et
896 916 1013 953 quidem
1024 917 1084 946 hoc

77 953 238 991 praesertim
260 956 361 984 locum
387 957 474 985 habet
494 956 524 985 in
545 955 682 984 Ecclefiis
696 953 807 983 Vestris
818 976 826 988 ‚
842 954 872 982 in
886 955 995 992 quibus
1010 956 1085 986 nulli

77 995 143 1021 lunt
166 993 364 1030 Sacerdotes,
378 995 428 1024 nili
450 994 501 1033 qui
519 994 570 1023 sub
593 993 736 1023 mandatis
760 992 979 1023 Patrisfamilias
998 996 1086 1024 labo—

81 1040 146 1066 rant
158 1032 188 1061 in
203 1032 301 1062 Vinea
317 1033 457 1068 Domini,
473 1033 502 1062 δι
517 1033 627 1062 ibidem
639 1031 739 1061 ferunt
748 1035 857 1068 pondus
877 1035 932 1061 diei
945 1035 971 1061 Cr
984 1037 1084 1072 astris,-

76 1072 90 1109 (.
105 1070 192 1100 Matt.
209 1080 257 1101 20.
269 1072 280 1108 )
291 1081 357 1109 quae
378 1072 550 1103 constitutio
567 1071 717 1101 limiliores
731 1071 798 1100 Vos
818 1071 914 1101 reddit
929 1071 1084 1110 primitivo

78 1109 167 1139 Clero
183 1110 342 1146 Ecdeme,
369 1120 402 1141 ac
427 1112 613 1149 temporibus
642 1110 827 1149 Apostolicis
853 1111 919 1140 Vos
942 1111 1086 1150 approxi-

77 1156 162 1181 mat;
184 1149 232 1178 sed
254 1151 300 1179 vel
327 1150 413 1186 ideo,
427 1150 624 1185 Dilect'ulimi,
643 1151 731 1179 etiam
745 1148 780 1179 eo
806 1150 896 1187 magis
918 1150 1017 1181 Vobis
1038 1151 1085 1181 in-

77 1188 191 1218 cumbit
209 1188 426 1227 Apostolorum
448 1190 652 1221 fortitudinem
667 1189 697 1219 &
717 1190 815 1219 zelum
834 1189 953 1220 imitari.

118 1227 184 1257 Post
206 1229 457 1260 consecrationem
481 1229 582 1267 itaque
604 1229 736 1259 Vestram
763 1228 855 1260 statim
878 1229 908 1259 in
933 1228 1087 1260 Ministros

79 1266 222 1297 Publicos
237 1269 385 1304 evaditis,
407 1269 572 1309 populique
596 1269 626 1299 in
649 1269 716 1298 Vos
734 1270 783 1307 jus
805 1269 986 1307 acquirunt,
1007 1268 1035 1299 δι
1054 1269 1086 1298 in

77 1307 197 1336 labores
222 1307 343 1338 Vestros
358 1320 365 1339 :
380 1309 510 1339 Ecclelia
536 1309 602 1339 Vos
624 1308 655 1338 in
680 1316 793 1347 partem
815 1308 973 1339 Ministerii
994 1308 1087 1338 sulci·

79 1345 123 1385 pit
136 1368 144 1379 ‚
168 1345 266 1376 Vobis
286 1348 445 1378 committit
461 1348 601 1388 pretiosas
616 1348 726 1377 animas
745 1347 851 1378 Christi
875 1348 1022 1386 Sanguine
1039 1358 1086 1378 re-

81 1386 214 1420 (lenitas,
237 1395 269 1416 ut
295 1388 377 1417 omni
399 1388 599 1418 sollicitudine
620 1397 668 1417 eas
686 1387 816 1418 foveatis
842 1400 848 1418 ε
870 1395 966 1418 totum
994 1388 1084 1425 igitur

80 1432 197 1464 tempus
221 1427 302 1464 quod
329 1436 408 1457 nunc
432 1427 576 1457 inutiliter
608 1427 781 1457 consumitis
804 1448 814 1463 ‚
841 1429 922 1466 quod
947 1428 1032 1464 nugis
1056 1427 1086 1457 &

81 1464 314 1503 dillipationibus
336 1466 505 1497 immodicis
528 1467 716 1502 conceditis,
736 1475 852 1506 tempus
873 1467 947 1497 illud
960 1468 975 1495 'a
989 1467 1088 1497 Vobis

82 1511 232 1542 repetetur
243 1514 341 1535 coram
356 1506 494 1536 tribunali
509 1506 633 1541 Christi,
646 1506 697 1545 qui
707 1507 875 1544 sanguinem
887 1506 999 1536 Ovium
1012 1507 1089 1537 Sua·
1101 1515 1108 1521 ·

75 1544 146 1573 'rum
170 1543 206 1572 de
229 1552 316 1573 manu
340 1544 442 1576 Vestra
464 1545 603 1584 requiret.

124 1581 290 1620 Respicite,
304 1585 403 1622 quaeso
415 1608 422 1620 ‚
435 1586 599 1623 exemplum
613 1584 768 1614 Nehemiae
780 1606 789 1620 ‚
802 1585 870 1614 Esd.
888 1593 914 1614 2.
928 1594 953 1615 c.
969 1584 997 1614 6.
1008 1607 1017 1620 ‚
1036 1583 1088 1623 qui

82 1621 150 1651 cum
172 1622 330 1654 {edificaret
344 1624 503 1664 Templum
519 1624 662 1660 Domini,
679 1627 838 1662 rogabatur
856 1625 908 1654 sub
929 1625 996 1654 ficto
1013 1633 1088 1663 prze-

82 1668 166 1690 texm
185 1663 228 1690 ab.
242 1661 371 1693 inimicis
399 1664 493 1702 gentis
516 1663 671 1699 Judaicae,
692 1672 725 1693 ut
744 1665 781 1694 ad
805 1663 882 1702 ipsos
906 1664 1042 1698 veniret,
1058 1664 1087 1694 δι

81 1700 176 1730 foedus
201 1710 269 1731 curn
294 1702 335 1732 eis
356 1703 604 1742 percuteret5sed
630 1704 700 1742 quid
723 1703 873 1742 respondit
898 1703 1085 1733 Nehemias?

86 1742 162 1779 Opus
178 1744 283 1780 grande
304 1754 353 1781 ego
368 1745 474 1779 fiat-iog
499 1746 525 1772 Cr
548 1755 602 1772 non
620 1746 730 1782 poffum
753 1746 906 1779 desi-endere
927 1755 933 1773 2
957 1756 989 1772 ne
1006 1744 1085 1781 forge}

81 1782 242 1820 negligatur
258 1783 321 1811 clim
341 1794 455 1818 venero,
468 1785 494 1812 cr
515 1785 670 1819 deflenda.)
689 1786 730 1812 ad
749 1795 806 1813 vos.
827 1784 840 1820 (
855 1791 880 1811 2.
894 1782 963 1812 Esd.
980 1782 1008 1812 6.
1023 1785 1033 1820 )
1047 1783 1086 1812 Et

84 1820 219 1858 quamvis
243 1831 297 1859 per
320 1830 448 1860 quatuor
470 1823 552 1853 vices
571 1822 707 1853 instarent
720 1846 730 1858 ,
754 1825 889 1852 eumdem
909 1823 1021 1861 semper
1041 1832 1087 1852 re-

84 1859 215 1888 tulerunt
239 1861 412 1892 sermonem.
425 1885 432 1891 .
448 1884 456 1892 .
477 1862 525 1893 Sic
554 1862 583 1892 δε
606 1863 672 1892 Vos
686 1886 694 1897 ,
714 1861 894 1897 Ctxariffimi,
917 1861 1089 1901 praeparatis

83 1898 134 1928 hle
154 1899 313 1929 materialia
327 1909 380 1935 ‚ut
402 1902 562 1940 aliquando
585 1902 735 1933 aedificetis
764 1902 831 1931 Deo
845 1903 952 1940 templa
971 1902 1041 1931 viva
1057 1902 1088 1931 in

83 1937 193 1982 quibus·
218 1937 345 1982 Spiritus
365 1940 486 1971 Saneus
507 1942 661 1972 inhabitet.
679 1962 704 1971 ..
733 1941 828 1979 Igitur
849 1951 918 1970 curn
940 1934 1088 1972 Nchemia

83 1985 139 2016 pro
154 1979 281 2021 inimicis
305 1980 406 2010 vestris
429 1982 533 2011 habete
556 1990 625 2017 eos,
641 1981 692 2019 qui
714 1982 779 2011 Vos
799 1980 922 2020 cupiunt
947 1982 961 2010 a
985 1983 1089 2011 labore

83 2018 139 2048 isto
162 2018 329 2055 divertere,
355 2019 385 2050 δε
406 2021 499 2051 nolite
519 2022 556 2051 ad
579 2025 631 2051 eos
653 2021 849 2055 descendere,
875 2029 911 2049 ne
926 2022 1089 2059 negligatur

86 2065 164 2096 opus
186 2060 296 2094 grande
316 2061 398 2098 quod
421 2060 570 2092 facitis...
593 2060 706 2090 Veniet
726 2068 841 2099 tempus
865 2059 1024 2098 aliquando
1039 2084 1046 2095 ,
1059 2061 1089 2093 in

86 2105 156 2134 (³¹10.
173 2098 316 2128 debebitis
341 2109 512 2138 peccatores
529 2109 723 2134 convertere‚-
737 2100 906 2138 ignorantes
927 2100 1088 2136 instruere3

85 2135 217 2166 infirmos
229 2136 260 2166 in
274 2139 332 2168 fide
347 2139 483 2171 sustinere
497 2151 504 2173 ;
524 2141 634 2180 impios
649 2141 677 2170 δε
691 2140 863 2169 incredulos
883 2140 1086 2171 confundere:
1112 2142 1120 2149 ‘

86 2183 199 2213 quanto
211 2197 220 2212 ‚
235 2178 334 2215 quaeso
345 2198 354 2214 ,
371 2180 474 2210 labore
497 2189 573 2218 opus
592 2179 629 2209 est
639 2200 648 2213 ,
661 2186 694 2209 ut
715 2179 751 2208 ad
766 2179 829 2209 haec
850 2179 949 2208 omnia
969 2181 1025 2209 litis
1037 2191 1093 2219 pa·

89 2214 143 2243 rati
154 2218 166 2242 3³
180 2215 319 2247 Profecti>
333 2219 423 2256 magis
439 2229 542 2250 verum
563 2219 600 2249 est
613 2220 692 2258 jam,
705 2219 791 2257 qnam
803 2219 833 2248 in
847 2219 980 2257 Antiqua
995 2220 1073 2259 Lege
1083 2232 1104 2252 :-

91 2256 183 2283 Labi«
199 2276 208 2284 .
223 2278 230 2285 .
247 2277 254 2285 .
268 2259 421 2288 Sacerdotis
444 2261 590 2298 custodient
603 2264 751 2295 finientium
766 2279 775 2294 ‚
800 2261 826 2287 Cr
849 2261 934 2297 legem
957 2265 1092 2297 requirent

91 2303 128 2336 ex
150 2305 194 2339 ore
212 2299 285 2338 tejas.
300 2319 308 2326 .
323 2320 330 2327 .
351 2299 496 2337 (Malach
523 2299 723 2336 2.)Pietatem
748 2298 777 2328 δι
803 2299 886 2327 fidem
908 2300 1091 2337 populorum

92 2333 235 2376 debebitis
247 2334 365 2371 fovere,
377 2340 511 2368 tenebras
527 2348 629 2369 eorum
644 2339 791 2376 depellere
804 2349 811 2370 ς
825 2338 999 2375 interpretes
1013 2340 1093 2370 eritis

95 2369 184 2408 Legls
195 2392 204 2406 ς
226 2378 346 2406 oracula
366 2378 495 2408 fidelium
509 2390 515 2409 :
530 2380 564 2407 ad
583 2377 648 2407 Vos
659 2397 668 2412 ‚
682 2387 830 2415 tamquam
846 2378 882 2406 ad
904 2377 1049 2408 Videntes
1064 2379 1094 2409 δε

93 2409 259 2449 Prophetas
281 2423 452 2452 recurrent,
472 2426 504 2447 ut
530 2418 560 2447 in
581 2418 680 2447 dubiis
702 2417 781 2446 viam
806 2424 899 2446 tutam
913 2417 1095 2455 monstretis,

97 2449 127 2479 ἃ
151 2451 334 2496 voluntate-m
361 2455 484 2486 Domini
502 2458 517 2486 a
537 2457 635 2487 Vobis
658 2457 844 2495 exquirent..
859 2477 867 2485 .
893 2457 969 2486 erc
997 2464 1095 2487 autem

96 2498 198 2534 omnia
224 2493 342 2537 (nolite
365 2494 464 2525 Vobis
485 2497 633 2531 illudere)
660 2497 716 2525 line
743 2497 847 2526 labore
861 2515 869 2530 ‚
897 2495 953 2524 sine
976 2498 1043 2527 zelo
1066 2498 1095 2527 δι

93 2528 216 2558 seientia
238 2530 314 2559 reGe
343 2534 403 2563 fieri
426 2544 486 2564 non
508 2536 632 2574 possunt.
648 2557 656 2564 .
670 2557 678 2565 .
699 2535 731 2564 Si
754 2544 848 2574 porro
873 2534 903 2563 in
922 2536 975 2564 hac
998 2537 1093 2566 sancia

94 2567 187 2598 domo
202 2587 211 2602 9
224 2577 291 2613 <1233
312 2578 374 2601 tota
398 2572 533 2611 pietatem
560 2575 589 2605 ἃ
612 2576 745 2605 laborem
765 2574 895 2604 instituta
916 2574 971 2608 est,
986 2576 1094 2607 Libros

91 2606 202 2637 Sacros
225 2608 402 2651 saladinum
427 2613 445 2640 fi
465 2613 587 2643 studium
604 2635 614 2650 ‚
639 2615 657 2643 fi
674 2616 761 2644 labor
785 2613 885 2643 Vobis
909 2614 1006 2651 gravis
1027 2617 1058 2645 fit
1083 2627 1092 2650 ς

96 2647 190 2691 multo
211 2648 306 2677 minus
329 2652 416 2680 rebus
438 2651 516 2681 seriis
536 2653 601 2683 Vos
621 2653 808 2691 applicabitis
823 2652 920 2691 postea
935 2665 942 2682 :
959 2654 1005 2683 sed
1021 2665 1095 2685 con-

93 2685 269 2720 solationem
293 2691 404 2722 nullam
422 2689 607 2725 invenientes
628 2693 660 2724 iu
681 2693 764 2726 libris
789 2692 909 2731 vestris,
933 2702 995 2726 eam
1014 2704 1097 2736 quae-

2077 165 2149 226 27

1147 245 1218 273 retis
1232 243 1304 274 foris
1337 241 1458 272 Interim
1481 238 1617 284 Muneris
1642 230 1726 271 Sacri
1748 240 1866 281 pondus
1890 242 1957 275 vos
1980 243 2146 282 opprimet.

1149 283 1178 313 ἃ·
1200 291 1271 313 tunc
1293 281 1440 321 incipietis
1461 289 1560 324 animo
1582 282 1925 324 cadum-paulatimque
1948 285 2161 321 extinguentes

1146 325 1354 353 reclamantem
1377 319 1586 350 conscientiam
1598 340 1607 355 ‚
1626 321 1763 349 carebitis
1785 322 1865 351 omni
1886 325 1953 353 zelo
1965 344 1973 358 ‚
1987 322 2016 352 ὃς
2041 324 2153 362 procul

1146 363 1161 392 ἐι
1182 362 1281 392 Vobis
1294 360 1427 391 avolabit
1441 367 1540 389 tenera
1554 359 1602 389 illa
1617 359 1727 398 pietas,
1741 369 1807 397 quae
1827 361 1978 392 Ministros
1994 362 2051 392 Dei
2064 363 2156 394 noliri.

1145 409 1300 440 tantopere
1323 402 1477 433 honorat,
1502 399 1637 437 ipsosque
1659 399 1696 428 ad
1720 399 1916 430 ministerium
1937 402 2059 432 Sacrum
2083 411 2154 433 cum

1146 441 1246 471 fruCiu
1268 442 1441 471 obeundum
1464 439 1636 468 inflammat.

1190 480 1232 510 Hi
1245 481 1328 515 sunt,
1344 479 1520 509 DileCiillimi
1532 499 1540 513 ‚
1555 479 1715 508 caracleres
1728 477 1790 513 illi,
1803 478 1856 516 qui
1872 478 1939 509 Vos
1959 482 1994 510 ab
2010 481 2085 511 alliis
2096 481 2156 512 ho-

1151 520 1280 549 minibus
1304 522 1412 549 debent
1430 519 1606 554 distinguere
1622 528 1629 550 ς
1646 518 1708 548 haec
1723 518 1788 547 sunt
1802 518 1991 554 charismata,
2004 529 2070 558 quae
2094 522 2158 550 sec-

1152 560 1229 594 tari,
1251 569 1316 598 quae
1340 558 1470 589 :emulari
1497 557 1563 587 Vos
1592 565 1739 595 oportet.⁴
1758 579 1766 586 .
1790 558 1888 587 Multa
1918 559 2037 596 quidam
2059 561 2154 589 adhuc

1156 602 1191 629 de
1213 600 1330 637 lingulis
1344 599 1469 630 dicenda
1483 596 1579 626 forent
1594 607 1600 628 ς
1615 598 1705 626 multa
1726 597 1861 626 addenda
1883 599 1919 627 de
1939 598 2107 633 sanffitate,
2121 601 2157 629 de

1151 639 1329 669 fortitudine
1349 637 1548 669 sacerdotal&
1573 636 1642 671 sed,
1668 636 1735 666 Deo
1760 637 1897 675 auspice,
1916 638 2013 668 adhuc
2033 638 2156 668 subinde

1152 681 1189 709 de
1212 678 1319 717 spiritu
1338 678 1390 709 illo
1412 675 1570 706 Ministerii
1590 675 1694 710 Sacri,
1717 685 1803 714 quem
1825 676 1922 707 Vobis
1945 677 2084 715 inspirare
2101 687 2155 707 cu-

1154 719 1205 758 pio
1222 739 1231 753 ,
1251 720 1341 747 verba
1362 717 1468 748 firciam
1488 736 1498 751 ‚
1524 723 1557 745 ut
1576 717 1613 744 ad
1636 716 1703 744 Vos
1725 716 1823 745 dicere
1837 718 1902 754 jure
1923 717 2021 755 pollini
2040 739 2049 751 ,
2074 719 2158 754 quod

1155 760 1265 789 Paulus
1280 757 1395 788 dicebat
1407 758 1442 787 ad
1455 757 1587 794 Majores
1600 763 1671 785 natu
1680 754 1818 784 Ecclesiae
1831 755 1983 795 lipnennae
1995 768 2000 786 :
2027 759 2121 785 Scins.
2134 778 2158 787 .-

1153 801 1285 837 qnomodo
1307 802 1383 827 nilzil
1395 799 1584 833 subtraxerim
1599 797 1709 824 utilium
1720 814 1729 829 ‚
1742 800 1888 832 quominus
1900 801 2097 825 annuntiarem
2110 809 2161 825 νο-

1154 842 1206 868 bis.
1222 860 1229 868 .
1245 859 1253 867 .
1274 841 1285 876 (
1300 838 1371 869 Aci.
1384 846 1428 866 20.
1445 838 1456 874 )
1475 835 1566 866 Nunc
1587 842 1684 865 autem
1705 834 1796 865 hodie
1816 836 1887 865 mihi
1906 836 2026 866 sufficiat
2041 837 2102 866 haec
2116 836 2161 865 se-

1155 878 1232 907 mina
1259 878 1425 916 projicere,
1445 875 1569 914 speranti
1592 874 1658 905 fore
1684 883 1717 904 ut
1741 875 1848 906 cadant
1874 876 1905 905 in
1924 883 2031 905 terram
2050 877 2160 906 bonam

1156 917 1186 947 &
1208 917 1337 947 frustum
1363 916 1548 948 centesimum
1569 914 1699 943 afferant.

1193 958 1386 995 (Epilogus.)
1419 954 1509 992 Agite
1533 953 1639 991 igitur,
1661 953 1859 987 Dileeliffimi;
1883 954 1992 985 videtis
2013 954 2072 994 quo
2093 954 2160 985 Vos

1156 996 1245 1025 ducat
1268 996 1382 1031 Stella;
1409 994 1516 1024 videtis
1539 993 1611 1031 quid
1631 994 1645 1022 a
1671 992 1772 1023 Vobis
1801 994 1883 1023 Deus
1910 995 2018 1031 exigat.
2050 995 2161 1032 Magna

1155 1034 1221 1063 sunt
1239 1035 1381 1072 (fateor)
1401 1044 1434 1064 ea
1455 1035 1490 1062 ad
1506 1041 1572 1072 quae
1591 1033 1731 1065 tenditi53
1754 1033 1803 1062 sed
1824 1033 1907 1062 Deus
1919 1033 1980 1072 ipse
1993 1034 2048 1064 erit
2062 1046 2161 1063 merces

1158 1073 1260 1103 Vestra
1279 1087 1380 1113 magna
1405 1077 1499 1102 nimis.
1514 1073 1616 1110 (Gen.
1635 1072 1703 1109 15·)
1723 1073 1781 1102 Sed
1807 1073 1837 1102 δι
1862 1073 2027 1112 Magi,per
2041 1073 2164 1104 Stellam

1155 1113 1278 1148 vocati,
1301 1115 1485 1144 difficultates
1512 1120 1635 1146 omneS‚
1658 1112 1763 1179 easque
1787 1112 1927 1142 maximas
1957 1114 2131 1153 superarunt
2154 1125 2161 1145 :

1156 1152 1274 1191 potestis
1298 1153 1390 1190 igitur
1411 1153 1578 1185 confidere,
1602 1150 1668 1180 Vos
1694 1151 1703 1180 i
1728 1161 1773 1180 em
1798 1161 1866 1181 cum
1886 1152 1944 1182 Dei
1964 1154 2056 1190 gratia
2068 1153 2165 1183 fitem-

1156 1200 1230 1225 ros;
1255 1191 1285 1221 &
1309 1193 1327 1221 li
1350 1202 1418 1222 cum
1442 1190 1541 1229 Magis
1563 1190 1680 1219 Stellam
1698 1191 1792 1220 secuti
1812 1189 1919 1221 itineri*
1935 1192 2002 1222 Vos
2025 1193 2163 1230 accinga-

1156 1230 1212 1266 tis,
1238 1233 1274 1261 ad
1300 1231 1417 1262 felicem
1436 1231 1593 1260 terminum
1617 1239 1685 1259 cum
1708 1230 1772 1268 iplis
1791 1231 1992 1269 proculdubio
2005 1233 2164 1271 pervenie-

1154 1270 1245 1300 tis...
1268 1271 1356 1301 Omni
1379 1280 1513 1310 tempore
1535 1269 1674 1299 SanCium
1696 1269 1753 1299 fuit
1778 1270 1974 1300 Ministerium
1995 1272 2133 1301 Ecclefiae
2152 1282 2160 1305 ;

1154 1310 1204 1339 sed
1228 1311 1309 1341 omni
1334 1319 1467 1349 tempore
1492 1310 1578 1339 etiam
1600 1308 1656 1338 suit
1683 1311 1886 1339 tremendum:
1903 1320 1995 1349 porro
2020 1312 2090 1340 licut
2114 1311 2165 1341 alii

1155 1349 1186 1379 in
1207 1360 1243 1380 eo
1260 1351 1375 1389 operati
1400 1351 1464 1380 sunt
1479 1351 1558 1379 suam
1578 1348 1607 1378 δε
1625 1350 1806 1388 populorum
1821 1350 1941 1379 suorum
1966 1350 2085 1380 salutem
2099 1371 2108 1385 ,
2123 1351 2164 1380 ita

1156 1388 1186 1419 ἃ
1202 1389 1268 1420 Vos
1282 1391 1359 1421 idem
1380 1390 1499 1430 porestis
1513 1389 1636 1427 exequi,
1651 1390 1670 1418 li
1681 1388 1783 1418 iisdem
1794 1389 1921 1427 vestigiis
1943 1389 2073 1420 inlistatis
2091 1402 2097 1421 :
2114 1390 2165 1421 sed

1156 1429 1193 1457 ad
1215 1430 1273 1460 hoc
1295 1440 1402 1468 magno
1427 1430 1544 1464 animo,
1565 1437 1672 1466 magno
1691 1437 1802 1458 conatu
1822 1439 1897 1468 opus
1920 1428 1967 1458 est.

1199 1469 1403 1500 Contremisco
1432 1469 1462 1500 &
1491 1478 1567 1506 ego,
1588 1468 1765 1497 Dileoiffimi
1781 1488 1790 1504 ‚
1817 1469 1886 1498 dum
1912 1475 2008 1498 mente
2032 1470 2163 1500 revolvo

1159 1507 1288 1538 humeris
1303 1509 1374 1539 meis
1399 1510 1456 1539 hoc
1482 1517 1559 1538 onus
1581 1508 1752 1537 incumbere
1765 1528 1774 1541 ,
1796 1516 1827 1537 ut
1845 1509 1881 1537 ad
1901 1515 2014 1537 tantum
2029 1508 2165 1539 Ministe-

1159 1547 1236 1577 rium
1259 1549 1325 1578 Vos
1346 1550 1482 1587 adaptem
1498 1559 1504 1578 z
1519 1547 1714 1577 contremisco
1730 1570 1738 1581 ,
1751 1546 1870 1585 ‘mquam
1883 1570 1892 1582 ‚
1912 1549 1979 1586 plus
1995 1549 2081 1586 quam
2097 1548 2165 1578 Vos

1157 1585 1209 1625 ipsi
1223 1607 1232 1622 ‚
1256 1587 1285 1617 &
1302 1590 1370 1626 jure
1385 1586 1582 1618 contremisco
1599 1599 1607 1618 ς
1624 1586 1731 1616 etenim
1749 1586 1779 1616 iu
1798 1587 1896 1617 Vobis
1919 1590 2099 1625 unusquisque
2114 1591 2165 1625 (lat

1155 1638 1204 1664 pro
1225 1631 1382 1663 animafius
1406 1629 1536 1660 ιιιηιιὶηη·
1559 1625 1638 1655 Mihi
1662 1634 1759 1655 autem
1781 1627 1817 1655 de
1840 1626 1977 1656 omuibus
2003 1626 2165 1665 &lingulis

1157 1666 1187 1695 in
1210 1669 1364 1697 tremendo
1384 1666 1506 1699 Jndicio
1527 1665 1763 1705 respondendum
1780 1686 1789 1701 ‚
1809 1665 1863 1695 erit
1876 1687 1885 1700 ‚
1922 1666 1950 1695 δε
1979 1666 2062 1695 Deus
2090 1667 2167 1697 San·

1155 1705 1276 1743 guinem
1302 1706 1438 1736 Vestrum
1477 1708 1513 1735 de
1539 1714 1626 1735 manu
1656 1714 1717 1733 mea
1745 1705 1906 1743 requiret..
1922 1728 1951 1734 ..
1977 1705 2034 1734 Vae
2067 1715 2166 1736 autem

1157 1745 1251 1781 mihi,
1263 1746 1280 1775 fi
1298 1746 1476 1784 negligentia
1490 1747 1551 1774 mea
1563 1765 1572 1780 ‚
1587 1753 1636 1774 aut
1654 1744 1709 1773 aliti
1726 1745 1832 1782 quavis
1854 1746 1941 1783 culpa
1951 1765 1959 1779 ,
1973 1746 2020 1774 vel
2033 1746 2165 1784 respessu

1156 1785 1304 1820 humano,
1319 1785 1470 1823 indignum
1486 1784 1613 1822 aliquem
1631 1783 1661 1813 in
1676 1784 1834 1814 Ecclesiam
1847 1784 2044 1814 intruserim...
2070 1785 2165 1822 Igitur

1152 1837 1205 1863 pro
1229 1829 1325 1854 anima
1350 1838 1408 1854 mea
1432 1825 1523 1855 hodie
1550 1823 1615 1854 VOS
1640 1825 1790 1862 deprecor-3
1812 1824 1925 1863 parcite
1952 1824 2020 1859 illi,
2044 1826 2167 1862 quaes03

1160 1864 1193 1894 δι·
1215 1863 1255 1893 ita
1278 1864 1386 1899 facite,
1405 1873 1437 1894 ut
1459 1866 1495 1893 de
1513 1865 1597 1894 nullo
1619 1873 1655 1893 ex
1680 1863 1778 1894 Vobis
1803 1872 1904 1894 coram
1923 1864 2038 1894 Christo
2058 1865 2167 1897 Judice

1159 1905 1331 1934 erubescere
1354 1906 1488 1934 debeam.

1198 1943 1319 1974 Sincere
1333 1944 1362 1974 ἃ
1373 1953 1407 1974 ex
1421 1944 1512 1974 corde
1524 1943 1636 1981 alloqui
1648 1942 1715 1972 Vos
1728 1941 1841 1980 possum
1856 1952 1922 1972 curn
1935 1942 2081 1982 Apostolo
2095 1953 2102 1974 :
2128 1944 2168 1972 Os

1159 1987 1276 2022 nostrum
1288 1995 1366 2022 patet
1377 1988 1417 2013 ad
1424 1986 1517 2013 Vos...
1528 1983 1571 2012 cor
1580 1987 1693 2021 nostrum
1706 1985 1853 2011 dilatatum
1864 1987 1906 2023 est.
1916 1986 1967 2021 (Il,
1979 1986 2039 2012 Cor.
2051 1984 2091 2019 6.)
2100 1986 2168 2012 IVon

1157 2026 1369 2062 Angustiamini
1378 2028 1409 2053 in
1422 2026 1542 2053 nobis-u.
1564 2025 1657 2059 (Ibid.
1669 2034 1730 2061 cap.
1746 2035 1774 2059 7.
1789 2026 1847 2059 >In
1857 2026 1981 2052 cordibus
1991 2026 2087 2061 nostris
2106 2027 2168 2062 estis

1162 2066 1203 2091 ad
1211 2067 1438 2094 commoriendum
1455 2065 1481 2092 Cr
1491 2065 1531 2092 ad
1541 2065 1769 2092 convivendum...
1784 2065 1882 2091 Non...
1895 2075 1985 2100 quaero
2010 2074 2068 2100 quae
2083 2066 2167 2101 vestr-1

1154 2105 1221 2139 sunt
1236 2105 1371 2140 ,sedVos
1381 2126 1390 2138 ,
1403 2107 1413 2142 (
1424 2105 1495 2133 Ibid.
1512 2115 1534 2132 c.
1549 2115 1559 2130 1
1569 2103 1616 2138 2.)
1630 2102 1659 2132 ἃ
1676 2104 1733 2132 hoc
1748 2110 1837 2131 unum
1853 2103 1982 2132 deiidero
1997 2104 2171 2138 utformetur

1161 2146 1278 2182 christus
1301 2148 1330 2172 in
1351 2146 1456 2173 vobis..
1474 2163 1482 2172 .
1502 2146 1513 2179 (
1536 2144 1602 2171 Gal.
1614 2142 1667 2178 4.)
1683 2142 1764 2171 Huic
1776 2162 1785 2176 ‚
1805 2142 1923 2180 quaeso,
1938 2141 2169 2180 correspondete

1163 2182 1280 2211 affectui
1290 2203 1300 2217 ‚
1322 2191 1353 2212 ut
1368 2191 1422 2213 nos
1444 2181 1548 2211 mutuo
1570 2181 1757 2211 consolemur
1772 2192 1780 2209 .·
1794 2181 1881 2219 digne
1900 2182 2004 2211 sentite
2017 2182 2052 2210 de
2067 2181 2167 2210 Vobis

1161 2221 1227 2260 iplis
1242 2243 1250 2257 ‚
1274 2222 1452 2257 Chariffimi,
1478 2221 1507 2251 δι
1529 2220 1634 2257 dignos
1655 2220 1829 2251 Vocatione
1851 2221 1952 2250 Vestra
1978 2220 2096 2259 spiritus
2118 2220 2168 2250 su-

1162 2261 1242 2291 mite.
1271 2260 1342 2300 Spes
1363 2271 1441 2291 nunc
1467 2261 1531 2290 estis
1554 2260 1690 2289 Ecclesiae
1709 2260 1851 2297 Bauavae,
1878 2262 1963 2299 quus
1984 2260 2144 2299 aliquando
2159 2281 2169 2294 ,

1163 2301 1193 2329 ut
1209 2302 1454 2335 confido‚decus
1480 2299 1561 2329 eritis
1586 2298 1615 2328 &
1637 2300 1743 2336 gloria.
1771 2301 1881 2330 Paulus
1902 2300 1933 2330 in
1954 2300 2166 2330 Macedoniam

1163 2348 1291 2370 vocatus
1309 2339 1364 2370 fuit
1388 2349 1438 2379 per
1457 2340 1551 2369 visum
1565 2359 1575 2372 ‚
1596 2338 1626 2367 in
1648 2347 1709 2376 quo
1725 2339 1812 2369 stabat
1834 2341 1881 2369 vir
1905 2340 2037 2370 Macedo
2051 2361 2058 2368 .
2074 2361 2083 2368 .
2095 2361 2102 2368 .
2118 2343 2165 2368 d.-

1157 2391 1277 2418 ptecans
1292 2392 1350 2408 eum
1364 2399 1374 2413 ‚
1387 2382 1413 2408 Cr
1435 2383 1529 2408 dicens
1544 2390 1552 2407 .'
1568 2382 1703 2415 transiens
1719 2383 1747 2408 in
1763 2382 1957 2409 Macedoniam
1977 2383 2082 2416 adsum.-
2097 2390 2164 2408 nos:

1162 2419 1246 2457 (Aa
1275 2419 1429 2457 16.)idem
1451 2418 1549 2449 Vobis
1570 2418 1584 2446 a
1609 2417 1744 2448 fidelibus
1766 2419 1887 2449 Batavis
1910 2420 2022 2449 dietum
2047 2428 2168 2458 putate,

1165 2459 1323 2488 Charidimi
1339 2470 1348 2490 ς
1366 2460 1525 2488 extendunt
1553 2456 1581 2486 ἃ
1608 2457 1651 2486 illi
1675 2459 1711 2486 ad
1729 2458 1795 2488 Vos
1815 2468 1942 2492 manus;
1965 2467 2031 2488 ante
2061 2460 2168 2488 oculos

1164 2506 1282 2537 ponunt
1305 2498 1500 2528 Ecclesiarum
1520 2496 1694 2527 necellitates
1709 2508 1716 2530 3
1732 2499 1926 2537 deprecantur
1945 2508 2000 2537 pro
2016 2498 2168 2528 animabus

1163 2538 1222 2567 suis
1237 2537 1341 2567 Christi
1352 2537 1499 2575 Sanguine
1517 2536 1663 2570 redemtis,
1678 2545 1710 2566 ut
1724 2545 1857 2577 tempus,
1868 2541 1949 2576 quod
1964 2538 1992 2567 in
2007 2538 2061 2567 hac
2077 2539 2168 2567 domo

1164 2576 1264 2606 Vobis
1280 2578 1456 2607 conceditur
1467 2578 1524 2612 ,ita
1539 2576 1715 2614 impendatis
1726 2586 1776 2611 ,ut
1794 2578 1954 2615 aliquando
1971 2576 2169 2616 ipsosporlitis

1163 2620 1315 2653 adjuvare,
1339 2616 1367 2646 &
1390 2626 1441 2655 per
1464 2615 1619 2652 Evangelii
1645 2616 1787 2646 tramitem
1813 2619 1849 2646 ad
1873 2617 1985 2646 Coelum
2010 2618 2167 2645 deducere.

1165 2657 1234 2686 Hoc
1262 2656 1474 2686 contribulium
1500 2656 1671 2684 Vestrorum
1698 2656 1895 2694 spefiaculum
1928 2656 2072 2686 continuo
2101 2662 2166 2683 ame

1166 2696 1271 2729 oculos
1307 2695 1418 2728 vestros
1450 2695 1648 2732 obversetur,
1674 2694 1704 2726 δι
1732 2696 1847 2733 brevi,
1870 2696 1941 2727 mihi
1968 2694 2102 2729 credite,
2130 2702 2166 2725 eo
