2414 3105
195 2506 250 2534 Tit.

494 171 599 215 van
622 152 770 235 syrte
802 142 1349 231 Hoogweerdigheyd
1368 149 1427 227 J.
1461 148 1527 209 T.
1550 149 1610 227 J.
1643 141 1881 208 Wellens.

299 256 386 284 Fama
406 254 513 288 volat,
534 261 636 292 repeto
649 272 658 286 ,
678 252 761 281 1118111
787 251 953 290 praecordia
977 252 1117 283 solvens:

294 294 395 324 'Pastor
420 294 473 323 erit
488 313 497 327 ,
523 293 632 321 dudum
655 291 735 321 votis
757 290 952 329 precibusque
974 292 1083 330 petitus
1098 310 1107 324 ,

295 335 404 368 Alter,
426 332 455 362 δε
477 331 513 361 est
537 331 640 361 nostris
661 340 722 360 11011
746 331 866 359 multum
889 339 973 359 natus
999 332 1034 360 ab
1056 329 1132 367 agris
1147 340 1156 358 :

295 373 448 402 Adveniet
480 372 583 409 Tliyrsts
598 391 608 405 ,
629 370 779 400 Pastorum
804 369 898 407 gloria
923 373 1050 407 leyrfis,

296 412 407 441 Lumen
419 419 564 449 opemque
573 409 668 439 ferens
681 421 689 441 .·.
706 409 826 442 nostris,
840 409 908 439 Hoc
920 409 1059 444 Praelide,
1074 407 1158 437 terris

293 449 1155 487 Priscushonos,suasorma,quies,splendorqueredibunt.

293 489 397 519 Deline
421 490 592 519 luctisonam
616 488 700 527 super
722 498 806 517 auras
831 490 936 518 tollere
960 498 1088 522 vocem,-

292 528 361 558 Sors
382 530 480 558 lterum
505 529 618 567 sperare
638 537 743 558 -mouet
766 528 828 567 post
851 527 938 557 tristia
961 536 1076 567 tempus
1090 549 1100 564 ‚

293 568 459 607 Propitium
482 568 569 598 nobis
592 568 716 606 respexit
737 569 771 596 ab
797 567 904 596 aethere
927 567 1048 597 Numen

225 616 249 639 ”.
295 607 375 637 Vera
395 607 485 637 refers
498 612 511 636 ?
534 608 596 646 spes
618 616 695 637 certa
718 610 839 636 manet?
861 606 896 636 lic
915 606 1031 645 pristina
1052 606 1140 637 nobis

295 648 422 682 Gloria,
441 647 477 677 lic
501 647 616 685 requies
631 668 641 682 ,
663 647 740 676 sorte
762 646 916 677 ancillante
930 670 938 680 ‚
963 647 1071 676 redibit
1087 650 1100 674 ἓ

239 709 262 720 t.
307 686 356 715 Sic
378 689 464 716 habet
479 707 488 722 ,
508 695 539 716 ut
566 696 652 716 narro
665 707 674 721 ,
692 687 836 725 reperitur
852 688 887 714 ad
902 687 1001 716 omnia
1021 688 1138 726 pondus
1152 708 1161 721 ,

298 726 425 756 Eveniet
439 749 448 761 ,
469 736 513 756 res
532 735 610 756 certa
631 727 759 765 probat,
781 726 957 763 dabiturque
980 727 1082 755 sereno

296 766 428 796 Praelidis
451 776 503 796 ore
529 765 611 797 frui;
637 765 732 804 neque
760 766 870 794 dudum
895 773 1009 803 tempus
1033 765 1124 795 abeffe

295 806 459 836 Arbitror:
485 805 623 835 adveniet
648 806 796 835 Pastorum
818 805 911 842 gloria
941 808 1049 843 Thyrfis

244 868 252 876 .
296 845 375 874 Mira
389 845 489 880 refers,
500 846 548 874 sed
560 853 640 882 grata
654 853 747 874 tamen
761 856 767 877 ς
782 854 848 883 quac
862 844 968 882 spectat
978 846 1013 873 ad
1031 853 1130 874 omnes
1152 865 1163 880 ‚

298 884 444 914 Ltetitiani
466 884 518 913 sub
547 886 638 913 corde
661 883 725 914 fero
744 896 751 917 ;
779 884 851 913 1111111
874 884 978 913 crescit
1000 884 1030 913 in
1055 885 1143 914 horas

298 923 427 953 Fervida
453 924 551 953 dilecti
574 924 698 954 Tutoris
728 934 798 953 cura
824 923 953 952 videndi,

249 976 264 994 ·.
295 963 337 992 Ut
351 963 425 999 tibi,
440 965 522 1001 quod
535 963 607 992 nosti
621 984 628 995 .
643 964 834 993 demonstrem
851 963 961 1001 Pignus
975 962 1083 991 amoris
1093 982 1103 998 ,

294 1002 457 1041 Expediam
480 1002 644 1032 brevibus:
670 1002 794 1032 Pastoris
816 1004 916 1039 Imago
939 1001 1074 1031 secundis

293 1041 363 1071 Esto
389 1041 443 1072 tibi
466 1042 580 1080 depiSta
604 1042 724 1072 metris:
755 1043 863 1071 sincera
887 1043 997 1070 relucet

293 1080 321 1109 E
345 1083 431 1111 vultu
456 1081 578 1112 Pietas;
600 1081 739 1118 generosa
763 1081 932 1115 Modestia,
957 1079 1020 1108 fuci

296 1119 426 1154 Nescia,
448 1121 629 1149 condecorat
654 1120 725 1148 mira
746 1120 904 1149 dulcedine
928 1119 1080 1151 frontem3

293 1158 411 1188 Emicat
437 1157 453 1186 e
476 1158 574 1187 verbis
596 1159 779 1190 Prudentia;
806 1159 927 1188 mitibus
949 1158 1040 1194 usque

292 1198 446 1235 Alloquiis
469 1197 544 1227 imos
566 1198 722 1235 dignatur,
742 1198 892 1228 amoribus
916 1207 1038 1227 omnes:

291 1236 445 1274 Ingenium
463 1237 552 1266 solers
567 1257 576 1271 ,
597 1238 695 1267 multis
718 1238 793 1267 bene
815 1246 903 1267 notus
926 1238 962 1266 ab
988 1237 1070 1268 annis

289 1276 408 1307 lservor
421 1301 430 1312 ,
449 1285 481 1305 ut
496 1277 531 1306 ad
546 1277 670 1307 faustum
686 1278 802 1307 valeant
817 1277 982 1316 pertingere
999 1286 1102 1307 metam

289 1315 429 1355 Singula,
453 1325 544 1354 purus
573 1326 673 1351 arnor,
697 1317 881 1352 concordia,
906 1317 1045 1347 laudibus
1071 1323 1157 1347 ornat

289 1356 431 1394 Insignem
457 1356 578 1385 Virtute
601 1356 732 1387 Virum:
752 1356 932 1395 sapientibus
955 1357 1027 1385 aulis

290 1396 341 1425 Ad
364 1398 470 1429 Pacem
493 1395 661 1425 monstrabit
682 1397 757 1430 iter,
776 1396 908 1434 nullique
931 1396 1029 1426 labcri

290 1435 418 1470 Parcet,
445 1445 476 1465 ut
503 1435 644 1474 assumpto
667 1436 808 1472 generose
828 1437 920 1475 praefit
946 1435 1051 1471 Ovili,

290 1475 330 1504 Et
353 1475 502 1513 Gregibus
523 1476 624 1504 secura
648 1475 705 1505 suis
727 1476 862 1505 alimenta
887 1476 1031 1505 ministret.

291 1513 351 1544 Hic
367 1516 434 1549 Vir,
447 1514 504 1543 Hic
522 1514 569 1550 est,
587 1514 648 1553 qui,
662 1516 742 1544 nulla
755 1515 860 1544 timens
872 1515 1037 1544 discrimina
1049 1522 1159 1550 rerum,

291 1553 396 1583 Omnia
418 1553 473 1584 rite
501 1563 603 1590 geret,
628 1553 679 1592 qui
704 1554 798 1583 saevos
820 1555 951 1592 undique
976 1556 1048 1584 cura

291 1593 419 1624 Arcebit
439 1595 583 1632 prudente
606 1594 717 1632 lupos,
742 1593 771 1623 δι
796 1595 882 1623 noxia
909 1595 998 1632 pellet

291 1633 422 1671 Agmina
441 1635 613 1662 morborum
627 1653 636 1667 ,
657 1643 731 1671 quos
756 1633 833 1663 forte
856 1633 970 1669 inc-uria
991 1632 1092 1671 gignit.

291 1672 473 1702 Gaudebunt
502 1673 600 1710 Agri;
625 1673 744 1702 venient
766 1674 801 1702 ad
823 1683 918 1703 aratra
939 1673 1048 1703 Coloni
1067 1683 1073 1705 ;

292 1713 414 1743 Saltabit
439 1713 532 1742 Pecus
555 1712 584 1741 in
608 1712 725 1741 stabulis
740 1737 749 1747 ,
774 1712 803 1741 in
828 1713 958 1749 gramine
977 1714 1082 1741 ludens

291 1752 440 1782 Dentibus
462 1752 621 1789 impavidis
639 1752 805 1790 sapidillima
829 1754 937 1790 pabula
958 1760 1078 1790 carpet:

291 1792 402 1822 Nullus
426 1791 480 1821 erit
496 1792 633 1829 serpens,
658 1800 717 1821 non
738 1791 824 1821 fallax
850 1792 938 1821 herba
965 1790 1096 1822 veneniz

291 1832 383 1860 Cedet
407 1832 483 1861 enim
498 1851 507 1865 ,
528 1831 672 1869 quidquid
697 1840 830 1860 tenerum
852 1833 1000 1861 metuebat
1020 1830 1119 1860 Ovile.

290 1870 446 1900 Flufflbus
467 1878 499 1899 ut
524 1870 610 1908 piscis
633 1870 734 1900 decori
756 1867 816 1905 est,
838 1879 869 1900 ut
897 1871 926 1900 ἃ
950 1871 1041 1900 ostrea
1063 1870 1157 1902 saxis3

290 1909 457 1940 Littoribus
481 1918 595 1949 myrtus
621 1922 629 1943 ς
654 1910 782 1948 scopulis
805 1918 838 1939 ut
860 1911 1000 1943 muscus;
1028 1908 1139 1940 honori

292 1951 333 1980 Ut
355 1951 434 1988 seges
458 1949 494 1979 est
516 1958 607 1986 agro,
630 1950 762 1988 gravidis
783 1949 930 1979 vindemia
955 1951 1041 1979 ramis
1059 1961 1066 1982 3

289 1989 339 2020 Sic
361 1991 450 2019 decus
476 1990 528 2019 1116
551 1990 619 2019 Suis
637 2000 644 2022 ;
665 1989 770 2029 *nostro
802 1990 836 2019 lic
862 1989 958 2027 gloria
981 1990 1080 2024 Ruri,
1159 2023 1161 2025 ¹

293 2030 373 2060 Vera
395 2030 477 2067 quies
498 2029 614 2058 Ovibus
627 2050 636 2062 ‚
655 2038 743 2059 notus
760 2029 846 2067 super
869 2030 976 2058 tehera
1002 2031 1119 2067 Tliyrfis.

291 2070 372 2109 Quid
392 2070 481 2106 magis
504 2069 541 2097 est
568 2078 682 2106 gratum
704 2069 807 2107 pluvia
829 2069 991 2099 sitientibus
1017 2070 1118 2108 agris?

291 2109 372 2147 Quid
395 2118 463 2138 vere
489 2108 670 2138 arboribus?
693 2110 805 2139 Phoebo
827 2109 1012 2146 turgentibus
1031 2108 1120 2138 uvis?

292 2149 373 2187 Quid
400 2148 490 2186 magis
510 2147 547 2177 est
571 2157 684 2185 gratum
710 2148 773 2187 post
798 2157 842 2178 tot
866 2148 986 2186 suspiria
1005 2148 1113 2183 nobis,

293 2189 389 2226 Quam
414 2189 530 2218 Pastore
553 2187 632 2222 frui,
655 2189 780 2218 Pastoris
805 2188 835 2218 &
858 2197 910 2217 ore
932 2188 1049 2227 potiri?

293 2227 429 2256 Flumina
443 2229 523 2265 quod
537 2227 661 2259 Cervis3
678 2230 759 2266 quod
777 2227 884 2257 Tauris
898 2228 1027 2264 germina
1044 2226 1137 2265 campi
1152 2248 1161 2260 ,

292 2266 382 2304 Quod
403 2267 491 2296 flores
520 2268 659 2304 Apibus,
682 2265 878 2297 crescentibus
901 2268 990 2296 herba
1013 2266 1160 2305 Capellis,

291 2305 362 2341 Hoc
387 2307 465 2335 limul
492 2307 527 2335 est
555 2307 641 2336 nobis
665 2316 715 2345 per
743 2316 787 2337 tot
816 2307 918 2336 solatia
947 2309 1063 2344 Thyrsis.

291 2343 374 2373 Illius
397 2347 526 2375 adventu
549 2346 706 2375 viridantia
731 2346 861 2384 gramina
888 2346 1040 2380 crescent,

292 2383 394 2413 Arbor
420 2394 512 2422 opaca
535 2385 603 2415 suos
626 2389 769 2424 expandet
794 2385 823 2415 ὃς
844 2385 977 2423 undique
1000 2393 1120 2419 ramos;
1152 2397 1159 2403 ·

292 2422 373 2451 Laeta
397 2423 461 2452 Poli
482 2422 570 2453 facies
584 2444 593 2459 ,
615 2426 748 2464 zephyro
771 2426 916 2463 spirante,
939 2424 1078 2458 favebit3

294 2462 399 2491 Omnia
421 2463 579 2499 magnificis
602 2464 750 2494 ostendent
773 2465 881 2503 gaudia
910 2464 1008 2494 donis.

291 2501 430 2539 Aspirent
453 2501 582 2540 Superi,
603 2503 703 2533 faciles
724 2504 774 2534 sua
798 2513 918 2533 munera
945 2512 1041 2533 cornu

295 2541 400 2570 Divite
427 2540 630 2579 profundant3
657 2544 765 2582 semper
788 2543 947 2574 comitetur
975 2544 1003 2571 &
1025 2550 1110 2572 ornet

295 2580 491 2609 Promeritum
506 2581 565 2609 Pax
587 2582 659 2611 alma
677 2582 785 2612 Virum
799 2604 807 2618 ,
827 2583 898 2612 Sors
913 2581 1001 2611 fausta
1022 2588 1159 2612 coronet.

193 2624 261 2661 Lyc.
290 2620 441 2652 Eveniet;
464 2629 622 2657 numquam
648 2621 764 2659 posth‘zic
787 2623 836 2651 sua
856 2621 977 2650 fulmina
1002 2621 1117 2659 stringet

298 2663 449 2696 Juppiter,
471 2666 520 2688 aut
544 2663 624 2688 Titan
648 2662 783 2698 contagia
807 2662 925 2693 mittet;
948 2660 1060 2698 ubique

294 2699 445 2740 speratam
471 2699 550 2729 dabit
574 2700 648 2730 alma
672 2703 751 2732 ceres
775 2701 949 2742 consurgere
975 2699 1113 2731 melsern,

1271 251 1326 278 Tit.

1268 372 1338 408 Lyc-

1273 565 1327 592 Tit.

1273 965 1327 992 Tit.

1276 1713 1331 1744 Tit.

2164 165 2234 226 Ι5“

1367 247 1432 285 lpse
1455 256 1510 285 ego
1530 249 1679 278 vaticinor
1692 272 1700 284 ‚
1718 250 1843 287 namque
1867 251 1904 281 est
1928 260 1963 281 ex
1984 251 2083 282 omine
2101 260 2192 282 1101115

1369 289 1475 324 Tliyrfis
1490 308 1497 321 ,
1519 288 1626 317 amabit
1645 288 1726 317 Oves
1741 310 1750 322 ,
1769 290 1886 319 Ovibus
1907 293 2105 321 redamabitur
2128 291 2213 330 lpse,

1366 326 1506 355 Pulsurus
1528 337 1644 356 nocuos
1669 329 1750 358 dulci
1777 330 1966 359 medicamine
1991 333 2123 361 morbos.

1367 366 1461 403 Quale
1483 365 1580 400 suam,
1605 368 1716 395 brumae
1734 368 1797 406 post
1819 369 1906 397 tritiia
1935 378 2065 408 tempora
2081 391 2089 404 ,
2111 373 2233 399 Plzoehas

1369 405 1513 434 Paulatim
1534 406 1686 444 splendere
1705 406 1776 436 faclt
1799 408 1888 444 magis
1910 410 2040 447 undique
2063 412 2158 439 lucem
2172 431 2182 445 ‚

1368 444 1418 475 Sic
1446 448 1551 483 leyrfis
1574 446 1686 475 nostros
1706 455 1838 484 optatum
1863 449 1961 477 lumen
1983 450 2013 478 in
2038 459 2124 485 agros

1370 484 1472 514 Latius
1500 486 1612 514 emittet
1627 505 1636 519 ‚
1658 485 1746 514 radiis
1768 487 1803 515 fic
1826 496 1896 515 arva
1920 488 2040 522 beabit,

1370 524 1409 553 Et
1431 525 1554 562 propius
1578 524 1657 553 votis
1675 525 1756 554 dabit
1779 526 1903 564 aspirare
1927 527 2062 556 secundis

1371 568 1449 593 Creta
1471 564 1543 595 ,lovi
1569 567 1673 602 Cyprus
1693 564 1829 600 Veneri,
1852 566 1999 602 gratillima
2019 567 2130 606 semper

1368 603 1418 633 Est
1439 607 1568 642 Rhodope
1592 603 1703 639 Marti,
1725 604 1845 634 Baccho
1872 608 1998 634 Boevtica
2025 607 2134 640 tellusr,

1369 643 1477 673 Noster
1502 644 1553 674 io!
1586 644 1680 681 leyfis
1695 664 1704 678 ‚
1728 644 1868 682 supremis
1891 645 1996 674 charus
2018 645 2046 674 &
2070 646 2157 681 imis,

1367 683 1489 721 Semper
1511 684 1618 712 amabit
1638 683 1719 713 Oves
1733 705 1741 719 ,
1765 683 1894 721 istosque
1916 685 2047 714 tuebitur
2071 686 2192 723 Agros;

1368 724 1466 752 Pastor
1490 724 1545 752 erit
1570 723 1718 760 vigilans,
1742 723 1880 762 prudenti
1907 725 2048 762 pefiore,
2069 734 2165 755 mente

1368 763 1498 800 Ingenua
1517 774 1524 795 ;
1549 764 1647 793 nullos
1668 762 1763 800 fugiet
1786 772 1840 801 pro
1865 762 1941 792 Pace
1962 765 2078 793 labores
2096 777 2102 794 :

1369 802 1524 836 Extendet,
1538 803 1566 831 se
1589 812 1659 832 cura
1680 802 1785 841 sagax,
1814 802 1842 832 &
1866 803 1974 832 crescet
1999 803 2028 832 in
2048 812 2157 836 aevum.

1335 863 1342 871 .
1369 841 1449 879 Ergo
1472 843 1532 871 tuis
1552 851 1615 871 mea
1637 851 1708 872 vota
1734 843 1817 871 lubet
1840 843 2020 880 conjungere
2047 845 2127 874 votis

1369 882 1523 916 Ulterius,
1546 881 1655 911 faustos
1676 883 1851 911 cuneorum
1874 890 1906 911 ut
1930 892 2008 912 voce
2026 884 2156 921 petitus,

1370 920 1440 951 Flos
1466 921 1496 951 &
1516 931 1599 951 amor
1620 922 1726 951 Patriae
1740 942 1749 955 ,
1771 921 1959 951 Neo-Pastor
1983 921 2067 952 vivat
2085 923 2115 952 in
2133 934 2237 956 annos.

1369 960 1489 991 Floreat
1512 962 1559 990 ille
1582 961 1669 999 pius,
1693 961 1850 999 pulchrum
1874 961 2045 990 succurrere
2069 963 2174 1002 lapsis,

1368 999 1528 1030 Consulcre
1552 1000 1663 1029 1111116115
1678 1021 1686 1034 ,
1712 1000 1864 1038 charoque
1887 1000 2001 1029 allistere
2022 1001 2104 1032 Ovili

1368 1039 1427 1077 Qui
1443 1048 1570 1079 reputat,
1586 1049 1664 1075 cum,
1677 1040 1758 1078 pacis
1773 1049 1883 1074 amans,
1897 1040 2069 1078 cuneusque
2084 1043 2239 1080 benignus,

1368 1078 1550 1109 Candidiora
1575 1088 1655 1116 gerat
1680 1079 1743 1109 nivi
1768 1080 1911 1117 pectora2
1937 1089 2061 1118 namque
2080 1081 2219 1119 fatebor,

1369 1116 1475 1147 Vincit
1500 1118 1650 1158 erythrteis
1674 1120 1834 1148 extraElOSS
1861 1119 2000 1148 fluetibus
2025 1120 2106 1157 ignes

1369 1156 1544 1187 Intemerata
1565 1158 1673 1193 Fides,
1693 1159 1786 1187 rutilo
1805 1156 1966 1195 fulgentior
1988 1169 2062 1189 auro

1370 1195 1447 1224 Pura
1463 1197 1549 1227 micat
1559 1197 1713 1232 Probitas,
1728 1197 1903 1236 superatque
1919 1198 2075 1234 Modestia,
2091 1200 2238 1238 quidquid

1370 1234 1506 1266 AEstimat
1528 1237 1655 1266 externis
1676 1245 1797 1267 onerata
1820 1237 1954 1275 superbia
1978 1239 2103 1277 pompis.

1333 1297 1341 1304 .
1371 1275 1424 1304 1116
1444 1276 1563 1306 humilis
1573 1300 1581 1312 ‚
1595 1277 1749 1316 nullosque
1763 1284 1876 1306 tumens
1901 1279 1939 1307 ob
1953 1279 2048 1307 laudis
2071 1279 2220 1315 honores,

1371 1314 1455 1353 Quos
1477 1325 1573 1345 tamen
1599 1317 1701 1353 insigni
1723 1316 1812 1354 longe
1833 1316 1954 1346 Virtute
1978 1326 2105 1347 meretur
2121 1339 2131 1354 ‚

1369 1354 1422 1383 llle
1446 1355 1497 1384 diu
1520 1356 1573 1385 sub
1597 1357 1675 1385 Pace
1697 1357 1764 1386 suos
1787 1356 1816 1385 in
1837 1365 1937 1386 amore
1957 1358 2110 1393 gubernet.

1322 1415 1329 1421 .
1372 1394 1544 1429 Laudetur,
1564 1395 1668 1425 reserat
1693 1396 1804 1425 meritae
1831 1396 1981 1433 praeconia
2008 1395 2116 1430 fam:e;

1368 1433 1490 1471 Fragret
1511 1436 1588 1464 odor
1603 1456 1611 1470 ‚
1634 1443 1720 1464 terrae
1742 1437 1852 1473 repleat
1875 1436 2031 1465 dulcedine
2057 1438 2128 1467 fines
2142 1457 2152 1473 ‚

1372 1473 1466 1511 Quem
1484 1475 1561 1512 parit
1582 1478 1621 1504 ob
1642 1476 1735 1504 claras
1754 1474 1890 1512 praestans
1914 1475 2075 1512 vigilantia
2102 1477 2198 1507 dotes.

1333 1532 1339 1539 .
1369 1513 1484 1549 Crescat
1506 1515 1601 1543 honos
1616 1514 1741 1543 Pastoris
1752 1534 1761 1547 ,
1777 1515 1892 1548 honos,
1907 1514 1956 1543 ccii
1971 1516 2048 1544 nulla
2064 1518 2215 1546 nocebunt

1371 1551 1521 1591 Tempora
1537 1576 1545 1587 ,
1569 1563 1622 1583 1166
1646 1554 1748 1584 11νο1;
1773 1562 1890 1583 morum
1912 1554 2057 1583 laudanda
2079 1556 2238 1592 venustas,

1368 1591 1540 1630 Temperies
1560 1593 1717 1631 tranquilla
1737 1593 1848 1628 animi,
1874 1594 1999 1622 sincerus
2018 1595 2127 1623 amoris

1368 1630 1471 1661 Ardor
1484 1653 1493 1665 ,
1517 1632 1546 1662 δε
1566 1632 1595 1662 111
1619 1632 1731 1662 conciis
1754 1631 1824 1662 felix
1845 1633 2011 1663 moderatio
2031 1635 2134 1672 coeptis
2149 1655 2158 1670 ,

1369 1670 1426 1699 Pro
1448 1671 1558 1701 meritis
1579 1673 1659 1701 claro
1679 1672 1764 1710 super
1785 1672 1856 1701 astra
1879 1671 2009 1702 ferantur
2031 1673 2155 1703 11011016.

1371 1710 1429 1740 Hic
1449 1711 1538 1740 solers
1551 1734 1560 1746 ,
1582 1711 1770 1750 prudensque
1783 1733 1792 1746 ,
1811 1711 1879 1741 Suis
1894 1712 2016 1741 dilectus
2038 1712 2067 1741 δι
2088 1713 2192 1753 hospes
2205 1734 2216 1750 ,

1368 1750 1544 1785 Sollicitus,
1569 1751 1657 1780 nostri
1681 1752 1732 1790 qui
1757 1752 1914 1781 commoda
1937 1759 2020 1781 curat
2045 1751 2073 1780 ἃ
2097 1761 2184 1790 auget

1323 1807 1325 1809 ·
1368 1788 1546 1819 Ornamenta
1570 1791 1643 1819 boni
1658 1804 1676 1825 ‚¹
1690 1791 1795 1820 reserat
1815 1800 1870 1829 pro
1894 1800 2013 1820 munere
2035 1800 2129 1828 grates
2143 1813 2153 1828 ,

1272 2071 1327 2097 Tit.

1271 2611 1316 2649 Tic

1369 1829 1495 1859 Gnavus
1521 1839 1585 1867 agat
1609 1830 1722 1859 caul'am
1743 1832 1866 1864 Pati-im,
1889 1830 2062 1867 causamque
2084 1832 2234 1867 Suorum,
2255 1854 2258 1858 -

1367 1867 1460 1898 Sanus
1483 1869 1512 1898 ἃ
1535 1870 1694 1899 incolumis
1716 1870 1814 1899 videat
1837 1870 1887 1899 sua
1907 1870 1977 1907 julla
2000 1871 2142 1900 colentes.

1324 1921 1338 1938 ⁴.
1370 1908 1428 1937 Hic
1449 1909 1520 1940 Justi
1536 1930 1544 1943 ,
1567 1909 1711 1947 Restique
1734 1918 1842 1943 tenax,
1866 1911 2030 1947 expendere
2053 1911 2152 1939 causas

1368 1947 1483 1985 DoCius
1498 1969 1506 1983 ,
1534 1949 1563 1978 δε
1585 1958 1619 1978 ex
1641 1951 1724 1987 :equa
1749 1950 1870 1988 pensans
1893 1950 1942 1978 sua
1968 1948 2040 1977 saeta
2065 1949 2204 1987 bilance,

1366 1987 1510 2017 Omnibus
1533 1996 1564 2018 ut
1588 1997 1707 2025 gratus,
1729 1989 1764 2018 sic
1784 1989 1920 2018 omnibus
1943 1988 2023 2018 utilis
2045 1988 2153 2025 exstet,
2178 1994 2180 1996 ’

1366 2027 1405 2056 Ε1
1433 2028 1511 2056 11111111
1535 2029 1570 2056 ad
1595 2029 1673 2057 seros
1698 2030 1855 2066 protendat
1879 2028 1951 2065 gesta
1976 2028 2121 2066 Nepotes.

1366 2066 1424 2096 Hic
1436 2068 1532 2097 bonus
1544 2068 1572 2096 ἃ
1584 2068 1726 2101 constans,
1739 2068 1908 2098 mansuetus
1923 2088 1931 2101 ‚
1944 2067 2074 2096 amabilis
2085 2088 2094 2103 ,
2112 2067 2213 2106 ingens

1368 2106 1519 2136 Delicium
1542 2108 1708 2144 Patri-teque
1732 2109 1843 2142 decor,
1869 2107 2018 2136 molimine
2042 2106 2158 2142 fausto,

1367 2146 1521 2184 Quidquid
1546 2147 1625 2184 agit,
1647 2147 1729 2176 finire
1751 2147 1848 2179 solet;
1875 2147 2041 2184 praesedere
2071 2148 2202 2183 gaudens

1367 2186 1486 2215 Invenit
1507 2186 1657 2216 inumcros
1679 2187 1820 2224 generoso
1844 2186 1935 2216 corde
1956 2186 2129 2223 sequentes;

1368 2225 1440 2254 Non
1461 2225 1543 2254 secus
1563 2235 1596 2254 ac
1617 2228 1753 2263 Aquilam
1768 2246 1777 2260 ,
1798 2227 1866 2255 dum
1890 2225 1982 2263 plenis
2001 2230 2069 2254 aera
2088 2227 2193 2264 pennis

1367 2263 1492 2302 Rumpit
1514 2265 1578 2293 avis
1594 2285 1602 2299 ‚
1622 2266 1752 2303 sequitur
1776 2265 1922 2303 patesafto
1949 2265 2063 2294 tramite
2087 2266 2214 2303 Pullus,

1365 2304 1432 2341 Qu'a
1456 2306 1543 2333 docet
1565 2304 1663 2334 aerios
1685 2305 1782 2334 Mater
1803 2312 1914 2334 tentare
1936 2306 2055 2333 volatus
2070 2324 2079 2339 ,
2171 2307 2173 2309 '

1364 2342 1417 2372 llle
1442 2343 1509 2373 Suis
1530 2342 1648 2372 servore
1670 2345 1754 2382 praeit
1769 2358 1780 2377 ,-
1800 2344 1925 2382 zeloque
1947 2344 2099 2379 secundo,

1367 2381 1405 2410 Et
1426 2384 1512 2413 docet
1537 2390 1664 2421 optatam
1692 2383 1810 2412 monitis
1831 2386 1971 2421 attingere
1993 2392 2109 2414 metam.

1322 2433 1337 2450 ·.
1368 2421 1499 2452 Emicuit
1524 2421 1630 2451 teneris
1656 2422 1784 2451 Virtutis
1805 2425 1887 2452 zelus
1913 2424 1948 2452 ab
1974 2423 2080 2457 annis,

1366 2460 1498 2492 Emicuit
1523 2463 1630 2496 vultu,
1653 2471 1719 2490 cum
1741 2462 1864 2500 primum
1889 2462 2007 2491 luminis
2031 2471 2118 2493 auras

1364 2500 1541 2539 Ali-iceret,
1563 2510 1645 2530 rarus
1671 2501 1789 2531 venturi
1808 2502 1911 2531 fervor
1933 2501 2081 2536 honoris,-

1365 2541 1545 2580 Promptus,
1567 2541 1595 2569 δι
1618 2540 1719 2570 allidue
1744 2543 1830 2571 rebus
1856 2542 2010 2571 dententus
2033 2543 2152 2578 agendis

1366 2580 1408 2609 Ut
1432 2581 1507 2616 fuit,
1532 2588 1563 2609 ut
1589 2581 1684 2609 crevit
1707 2580 1804 2610 faustis
1825 2581 1986 2619 Vigilantia
2015 2582 2125 2619 coeptis.

1363 2619 1451 2649 Illum
1472 2629 1574 2650 omnes
1601 2620 1715 2649 novere
1738 2620 1837 2655 Boni,
1861 2621 1925 2658 quis
1948 2620 2032 2649 Pacis
2059 2629 2171 2652 amator

1368 2659 1463 2695 Quam
1484 2660 1572 2689 suerit
1592 2660 1689 2690 mitis;
1716 2660 1839 2689 decursu
1863 2659 2001 2698 temporis
2025 2668 2127 2692 omues

1369 2697 1490 2731 Devicit
1513 2698 1641 2740 fugiente
1662 2698 1750 2731 Pares
1772 2699 1919 2741 genioque
1946 2698 2035 2729 fideli.
