2414 3105
182 127 256 188 26

182 229 211 262 O
237 224 304 266 fiii,
324 224 390 272 quo
411 232 444 259 te
467 233 567 261 vocat
587 224 782 267 inclinatio,
804 228 926 266 tende,

182 277 267 313 Non
289 286 358 310 mea
377 275 465 318 jam,
484 274 601 310 verum
619 285 673 310 tua
692 276 765 316 fiat,
784 285 859 311 nate
879 276 1043 312 voluntas.

185 327 248 362 His
269 328 417 358 animum
439 335 589 359 recreans
610 324 722 365 dietis,
743 328 773 359 &
793 325 910 372 gaudia
930 335 1063 371 captans

185 372 373 409 Lo'vanium
394 382 518 408 remeat
530 399 541 415 ‚
558 373 736 417 studiisque
757 375 923 409 incumbit
942 375 1076 413 amatis,

185 421 388 467 Explerique
408 426 523 466 nequit
545 432 689 457 mentem
702 448 712 464 ‚
736 423 935 470 ardescitque
954 424 1141 464 studendo;

185 473 230 508 Et
252 481 375 515 quanto
399 472 560 507 aetlrereos
579 474 739 517 proecedit
761 471 897 508 Lucifer
921 473 1034 520 igneS‚

186 519 449 564 Luciferumque
469 533 589 567 vagum
613 530 739 568 quanto
760 526 856 565 praeit
875 530 971 557 aurea
987 525 1106 563 Luna,

185 572 230 605 Et
253 579 379 616 quanto
401 572 530 605 Lunam
554 573 722 606 radiorum
742 569 869 604 lumine
892 572 1054 611 Phoebus,

186 621 297 653 Tanto
316 619 526 666 Thefflogicis
548 623 660 655 studiis
678 619 895 664 supereminet
921 630 1059 661 omnes3

188 669 300 702 'Unius
313 691 323 707 ‚
342 668 490 711 trinique
510 670 574 703 Dei
596 670 765 715 mysteria,
786 669 892 703 Verbi

188 717 355 752 incarnati
379 727 513 758 arcana,
533 720 668 754 Patrum
689 717 896 760 canonesque
916 716 1105 758 sacrorum,

190 767 303 801 Matre
326 768 471 810 stupente
492 767 611 808 Alma,
632 765 781 802 defendit
801 770 832 800 &
857 766 1019 811 explicat,
1047 776 1147 810 atque

187 818 252 849 Ore
278 818 363 857 quasi
384 816 535 861 angelico
554 820 698 860 opposita
717 825 909 861 argumenta
931 813 1078 858 refutat3

185 863 312 906 Rejicit
336 866 467 899 invisus
489 865 620 899 Calvini
644 867 798 911 dogmata
820 863 897 898 falsa

190 915 382 956 Principiis,
402 922 519 947 contra
542 913 699 948 stolidum
722 917 808 958 capit
832 924 921 948 arma
942 916 1127 948 Lutherum
1142 936 1152 954 ‚

190 961 311 995 'Vincit
333 965 363 995 &
382 971 565 1008 expugnat,
588 966 695 996 turbae
723 964 922 997 documenta
941 965 1108 1009 modernae
1122 987 1132 1005 ‚

192 1012 274 1051 Quae
299 1009 401 1045 sacras
421 1011 522 1045 violat
542 1012 650 1057 leges,
669 1011 848 1055 divinaque
865 1013 937 1055 jura

191 1061 298 1094 Ridet
321 1064 469 1094 tartareis
491 1061 636 1095 oriundo
656 1062 810 1106 dogmate
832 1062 1002 1102 monstris,

191 1109 360 1153 Principio
383 1109 478 1143 nixus
497 1108 604 1144 solido
627 1111 793 1152 improbat
812 1119 910 1156 atque
930 1109 1062 1146 refellit.

190 1157 366 1193 Scaldiacis
392 1169 470 1192 mox
491 1160 589 1192 Fama
613 1158 734 1192 Virum
756 1160 927 1193 denuntiat
950 1160 1038 1201 oris,

194 1207 238 1241 Et
262 1205 353 1241 sacro
376 1209 481 1242 studio
499 1210 678 1251 praestantis
700 1211 822 1241 robora
843 1209 962 1243 mentis

193 1255 355 1299 Explicat.
382 1259 426 1291 Et
445 1256 523 1302 quid
548 1258 607 1291 fit?
626 1257 790 1303 Jacobum
813 1257 955 1291 Eccleiia
973 1257 1060 1292 iacta

188 1306 340 1353 jacobo,
363 1307 514 1339 nondum
538 1308 592 1340 siet
610 1308 778 1349 insignitus
797 1308 925 1339 honore

195 1356 351 1395 Quamvis
374 1354 583 1398 Presbyteri,
601 1353 757 1389 sacratam
781 1355 920 1389 collacat
937 1359 1024 1390 inter

193 1402 403 1437 Canonicum
428 1406 580 1443 turbam,
604 1402 720 1446 pellito
739 1407 770 1437 &
794 1406 887 1438 vestit
909 1404 1041 1438 arnhstu.

195 1452 347 1486 Dotftane
369 1452 510 1486 Lovanii
534 1462 623 1485 nunc
642 1451 771 1494 linquet
791 1454 938 1487 moenia?
962 1454 1060 1487 finem

194 1502 300 1535 Nunc
320 1511 426 1544 opera:
438 1524 447 1540 ‚
462 1500 634 1546 studioque
647 1501 766 1535 dabit?
780 1502 899 1545 procul
921 1504 997 1535 esto.
1023 1503 1191 1537 Laborem

195 1549 435 1594 Conduplicat‚
458 1551 668 1595 studiumque
686 1549 800 1592 suum3
827 1562 901 1586 nam
923 1550 1049 1586 nescius
1068 1552 1142 1593 oti,

196 1599 443 1645 Communique
464 1598 579 1633 volens
604 1601 699 1633 statui
720 1601 881 1643 prodesse,
902 1600 1048 1643 juventae

195 1646 386 1681 Falconensr
409 1652 512 1691 aperit
531 1658 656 1682 naturae
677 1659 795 1683 arcana
818 1648 977 1684 Profefl'or
990 1673 1000 1690 ‚

195 1699 239 1730 Et
260 1707 333 1742 quae
352 1708 468 1731 norma
487 1697 589 1737 boni,
609 1699 726 1738 docet,
747 1701 777 1732 δι
795 1703 869 1744 quis
892 1698 986 1733 limes
1005 1697 1143 1734 honesti.

194 1747 271 1779 Nec
296 1755 402 1779 tamen
428 1745 552 1780 interea
573 1746 669 1781 sacris
688 1749 893 1781 imcumbere
913 1747 1009 1783 libris

194 1795 319 1829 Definit
332 1819 340 1834 ‚
360 1795 514 1841 insignem
538 1801 617 1841 quin
638 1799 668 1830 ὃ(
689 1793 873 1840 superaddit
894 1797 1028 1843 utrique

191 1845 268 1892 Juri
296 1854 451 1887 operam,
475 1845 587 1879 studiis
610 1845 717 1889 placet
736 1847 851 1880 horam
872 1857 1037 1892 quamque
1059 1846 1167 1881 dicare
1186 1857 1196 1889 3

195 1895 285 1927 Ecce
303 1897 443 1931 etenim,
466 1892 670 1928 consecratus
689 1899 743 1930 vix
765 1897 897 1941 quando
916 1898 1075 1931 Sacerdos

197 1941 398 1975 Coelicolum
420 1944 505 1988 Regi
528 1945 655 1987 Corpus
676 1944 863 1978 venerabile
884 1945 986 1985 Nati,

197 1991 369 2037 Sanguinis
390 1993 420 2025 ὅτ
437 1990 518 2025 sacri
537 1990 671 2035 supplex
691 1992 807 2028 libavit
825 1996 988 2028 honorem
1000 2018 1010 2034 ‚

201 2041 274 2073 Una
296 2040 477 2085 eademque
498 2042 551 2074 die
567 2042 664 2086 <quis
682 2051 790 2076 cantet
813 2043 1003 2085 carmine?)
1026 2042 1134 2087 trina,

196 2091 362 2122 scandens
382 2089 541 2123 doctrina:
563 2088 657 2123 sacrae
675 2090 820 2136 jurisque
842 2091 1022 2127 secundum

198 2136 380 2183 Utriusque
400 2141 538 2183 gradum
551 2162 560 2178 ‚
579 2138 724 2174 vincitur
744 2150 892 2184 tempora
912 2140 1016 2174 lauro.

198 2187 360 2221 Exoritur
383 2187 574 2232 clamorque
593 2187 702 2222 virum
715 2212 724 2226 ‚
742 2189 942 2235 clangorque
967 2191 1136 2225 tubarum.

198 2238 227 2269 Ο
243 2237 390 2282 Dignnm
414 2236 643 2281 celebremque
667 2239 805 2274 Virum!
822 2237 914 2282 super
935 2239 1055 2274 aethera
1073 2250 1196 2274 nomen

199 2284 311 2317 Tollat
332 2283 418 2318 sama
440 2294 534 2319 tuum
551 2298 557 2319 :
575 2284 704 2319 resonat
724 2298 789 2321 vox
811 2298 878 2321 una
898 2298 955 2331 per
980 2290 1105 2326 urbem.

200 2333 354 2366 Proxima
368 2358 377 2374 ‚
401 2345 474 2379 qua:
492 2344 639 2378 pateant,
662 2334 723 2369 tibi
753 2338 870 2370 cedent
891 2341 1012 2371 munia.
1040 2340 1081 2372 Et
1101 2348 1198 2380 ecce,

198 2381 292 2415 Vota
310 2382 438 2425 placent
455 2383 606 2426 Superis3
626 2383 682 2417 vix
704 2385 798 2419 tertia
816 2389 954 2419 vertitur
974 2388 1081 2428 testas,

200 2430 297 2463 Urbe
315 2430 471 2465 salutetur
494 2432 573 2478 quin
597 2442 667 2466 tota
687 2433 824 2474 Praeses,
845 2438 875 2468 δι
896 2436 955 2469 aedi

201 2477 376 2512 Praefectus
399 2481 495 2513 detur
508 2506 516 2520 ‚
543 2492 616 2525 quae
636 2480 741 2515 saneta
764 2492 834 2516 tuta
856 2483 915 2517 sub
935 2488 1033 2518 Anna
1052 2487 1106 2520 est.

203 2528 285 2567 Quis
305 2528 441 2572 vigilans
459 2532 618 2569 studium,
644 2541 754 2566 curam
779 2537 854 2574 quis
876 2531 977 2567 fando
1001 2544 1170 2577 paternam

200 2576 369 2619 Explicet,
393 2577 471 2611 huic
493 2579 604 2612 domui
629 2579 741 2614 multis
764 2583 827 2625 qua
847 2579 980 2625 praefuit
1005 2584 1122 2618 annis?

202 2628 230 2660 O
255 2627 379 2660 Verum
404 2627 550 2663 Patr-ein!
569 2628 677 2673 potuit
699 2634 757 2674 qui
779 2630 917 2680 tahaau
939 2633 1042 2670 aedem

678 121 1003 209 Algemeyne
1045 120 1437 207 Verzamelinge
1475 126 1564 188 der
1603 122 1830 188 Werken

1249 228 1325 264 Fari
1342 228 1416 272 jure
1435 230 1551 264 :Pater
1572 229 1650 264 cura
1670 229 1797 273 probor
1823 227 1884 261 effe
1905 222 2049 271 paterna.
2231 270 2234 271 ⁷

1251 278 1341 320 Quid
1360 278 1507 321 possum,
1532 279 1622 323 quod
1646 289 1715 312 non
1735 276 1850 312 facio?
1873 275 1953 310 num
1975 275 2068 320 plura
2090 269 2262 318 requiris?

1252 330 1281 361 O
1308 326 1434 361 utinam
1456 327 1558 370 poffes
1580 326 1699 361 oculos
1722 331 1756 362 in
1780 328 1880 360 corda
1900 334 2034 370 paterna

1252 374 1398 410 Inserere
1411 399 1421 415 ‚
1440 379 1470 409 &
1494 375 1614 419 patrias
1635 375 1726 410 intus
1750 375 1951 424 deprendere
1972 374 2087 410 curas!

1254 427 1345 459 Inter
1365 433 1417 458 tot
1439 435 1555 463 curas,
1577 428 1731 470 interque
1751 428 1883 470 negotia
1902 433 1992 458 tanta

1254 473 1317 508 Nil
1337 473 1418 507 sacri
1440 473 1536 508 studii
1558 473 1702 514 minuit,
1723 473 1879 517 solitique
1901 473 2025 509 laboris

1256 524 1295 556 In
1320 520 1554 566 pervolvendis
1572 520 1690 565 libris;
1708 523 1788 557 licet
1812 522 1957 568 undique
1979 532 2078 560 cura,

1255 571 1393 616 Inquit,
1417 573 1517 606 corda
1541 580 1672 618 gravet,
1695 583 1766 605 mea
1784 571 1860 605 sunt
1879 571 1995 606 solatia
2015 570 2118 608 libri,

1256 622 1331 655 Hos
1354 620 1472 663 cupio,
1496 620 1557 654 hos
1576 622 1693 654 adamo
1708 644 1717 660 ‚
1737 620 1812 654 sunt
1835 621 1944 655 cordis
1966 629 2056 667 grata
2077 617 2258 663 voluptas,
2280 643 2282 646 ⁴

1257 671 1332 704 Nec
1351 667 1467 703 desunt
1490 668 1547 702 sua
1568 678 1636 703 tam
1655 669 1802 703 studiofae
1827 674 1963 714 praemia
1988 672 2100 703 menti.

1257 716 1414 752 Necdum
1436 726 1488 752 ter
1507 719 1609 752 denos
1631 718 1733 752 aetatis
1753 721 1922 762 comput‘at
1943 729 2070 757 annos,

1259 769 1303 802 Et
1324 775 1425 801 meret
1449 767 1564 801 eximii
1586 770 1735 802 Eximius
1756 768 1911 801 Dostoris
1934 769 2087 800 honores.

1260 818 1350 858 Quid
1372 813 1472 856 facit,
1491 818 1530 850 ad
1549 825 1677 850 tantum
1700 827 1775 850 cum
1793 815 1986 850 sublimatus
2007 816 2170 848 honorem
2191 813 2259 849 est?

1260 868 1460 909 Comprimit
1479 867 1654 900 haereticos
1674 865 1757 899 alter
1777 865 1870 899 velut
1891 866 2096 911 Augustinus
2109 886 2119 901 ‚

1258 916 1388 949 Doftor
1411 915 1448 948 ut
1471 915 1655 961 Angelicus
1672 912 1820 949 defendit
1843 916 1996 960 dogmata
2012 914 2152 954 Christi,

1257 967 1392 998 Aureus
1409 963 1548 1009 eloquio
1568 963 1818 1009 chrysostomus
1840 963 1939 1000 alter,
1959 967 1989 997 δι
2012 973 2070 998 ore

1258 1012 1404 1047 Melleus
1429 1012 1577 1048 infundit
1598 1015 1783 1048 Bernardus
1805 1012 1902 1047 mella
1922 1011 2033 1047 salutis

1258 1062 1493 1096 Christicolum
1515 1062 1630 1103 cordi,
1649 1071 1832 1105 contraque
1852 1060 1984 1096 adversa
2006 1070 2130 1096 tuetur.

1259 1111 1464 1154 Obstupuere
1483 1122 1597 1144 omnes
1615 1124 1625 1144 .-
1640 1113 1800 1145 doctrinae
1821 1114 1953 1155 praemia
1975 1115 2059 1145 tanti

1260 1161 1434 1194 Debentur
1456 1160 1580 1203 majora
1599 1161 1677 1194 Viri
1695 1172 1701 1193 :
1723 1160 1819 1193 locus
1841 1159 1940 1194 altior
1961 1159 2033 1199 illi,

1262 1209 1316 1251 (Si
1344 1212 1414 1252 quis
1431 1207 1519 1244 forte
1537 1212 1661 1251 vacat)
1687 1210 1884 1243 cunctorum
1907 1219 1990 1241 voce
2007 1216 2153 1251 paratur.

1260 1259 1350 1304 Ergo
1371 1259 1485 1292 decem
1506 1261 1536 1291 &
1557 1257 1678 1302 septem
1697 1256 1799 1291 saeclis
1817 1255 2024 1301 superaddita
2048 1257 2163 1299 quinta

1259 1306 1425 1340 Vestierat
1446 1317 1580 1351 campos
1600 1310 1629 1340 δι
1652 1306 1702 1340 bis
1727 1308 1886 1352 trigesima
1909 1308 2033 1345 meilis,

1261 1356 1445 1389 Douorem
1467 1357 1558 1390 hunc
1583 1357 1727 1390 nostrum
1751 1356 1857 1390 viduae
1878 1367 1952 1389 cum
1976 1353 2063 1388 sacra
2081 1354 2233 1391 Facultas

1257 1403 1436 1447 Praeposuit
1457 1406 1603 1443 Domui,
1625 1404 1784 1439 Batavum
1811 1416 1883 1446 quae
1904 1403 2030 1438 scilicet
2056 1403 2140 1438 olim

1260 1453 1429 1498 Auspiciis
1449 1455 1557 1488 erecta
1576 1450 1660 1495 fuit3
1680 1452 1924 1488 Neo-Praesulis
1945 1453 2040 1493 afta,

1261 1501 1439 1548 Pervigiles
1459 1513 1552 1537 curas
1565 1526 1575 1542 ‚
1593 1501 1825 1548 indefessosque
1846 1501 1974 1537 labores
1987 1525 1996 1541 ,

1260 1553 1529 1597 Prudentemque
1549 1551 1693 1585 animum
1706 1576 1715 1591 ‚
1734 1552 1974 1594 mitemque‚&
1988 1554 2077 1595 pacis
2095 1559 2259 1586 amantem

1259 1601 1342 1642 Quis
1358 1601 1450 1644 justis
1470 1600 1637 1635 celebrare
1665 1600 1794 1641 metris,
1817 1602 1960 1647 dignove
1979 1600 2156 1634 Cothurno

1260 1651 1531 1684 Commemorare
1551 1652 1672 1696 queat?
1697 1648 1924 1696 quantumque
1947 1654 1979 1684 in
2005 1649 2103 1683 rebus
2124 1649 2259 1697 agendis

1263 1700 1470 1739 Dexteritas‚
1487 1697 1656 1742 Pietasque
1676 1700 1754 1734 Viri
1776 1701 1861 1733 bene
1884 1699 1985 1733 mixta
2005 1703 2115 1745 rigore

1264 1747 1432 1783 Profuerit
1452 1751 1581 1783 Batavis
1594 1772 1603 1788 ,
1621 1747 1747 1783 fructus
1767 1751 1924 1782 testantur
1936 1772 1945 1787 ‚
1966 1748 2117 1782 alumnis.

1265 1798 1362 1832 Neve
1381 1795 1548 1841 profunda
1573 1797 1650 1832 Viri
1670 1808 1869 1844 quemquam
1888 1798 2037 1831 doctrina
2058 1796 2199 1839 lateret,

1265 1847 1392 1881 Prodiit
1411 1847 1467 1881 illa
1486 1845 1593 1889 palam
1606 1870 1616 1885 ‚
1636 1851 1720 1881 miro
1739 1846 1871 1892 fulgore
1891 1845 2066 1891 refulgens.

1264 1898 1352 1930 Mox
1372 1896 1544 1929 Cathedrae
1564 1896 1737 1935 admotus,
1755 1899 1882 1942 quaevis
1901 1897 2022 1928 nodata
2048 1892 2181 1928 resolvit

1263 1944 1458 1991 Theologiae
1475 1968 1484 1983 ‚
1504 1955 1577 1989 quae
1595 1955 1671 1977 vera
1690 1946 1811 1978 docens
1823 1969 1832 1983 ‚
1851 1955 1924 1986 quae
1944 1941 2019 1976 falsa
2042 1942 2201 1976 refutans.

1265 1993 1413 2028 Advolat
1432 1993 1497 2026 huc
1524 1991 1662 2032 Clerus,
1683 1993 1792 2037 patula
1816 1993 1900 2027 bibit
1917 2002 1995 2026 aure
2016 1991 2187 2033 loquelam

1264 2043 1369 2089 Nigra
1393 2044 1511 2076 cohors
1524 2050 1626 2086 :quot
1644 2045 1743 2076 verba
1764 2041 1879 2076 sonant
1892 2066 1901 2079 ‚
1924 2050 1974 2074 tot
1994 2041 2108 2075 mellea
2128 2048 2263 2075 manant

1261 2092 1433 2129 Flumina,
1456 2091 1574 2133 queis,
1594 2089 1654 2124 ceu
1674 2102 1767 2131 rore,
1787 2092 1870 2137 rigat
1892 2089 2038 2134 suspensa
2057 2088 2193 2124 suorum

1261 2142 1397 2174 Peoora
1423 2140 1587 2174 Tironum
1611 2138 1751 2174 :summi
1773 2144 1935 2174 mirantur
1957 2143 1985 2173 δι
2006 2141 2074 2174 imi.

1263 2190 1394 2223 Interea
1412 2192 1541 2223 Sacrata
1565 2190 1711 2223 PETRO
1731 2188 1881 2223 subsellia
1903 2188 2028 2223 scandit

1266 2241 1456 2272 Canonicos
1476 2242 1560 2272 inter
1574 2261 1583 2277 ‚
1602 2239 1720 2271 divinae
1738 2246 1774 2271 ut
1796 2240 1892 2271 nocte
1914 2239 2034 2283 dieque

1268 2288 1427 2322 Unanimi
1450 2291 1568 2332 pietate
1590 2297 1682 2321 canat
1700 2291 1863 2332 praeconia
1882 2287 1998 2321 laudis.

1267 2337 1457 2382 Theologiae
1478 2337 1671 2380 Doctorque
1692 2340 1824 2380 Regens
1845 2347 1922 2369 mox
1943 2335 2018 2370 inde
2041 2343 2182 2371 creatur.

1266 2389 1318 2420 Sic
1339 2395 1429 2431 parat
1449 2387 1599 2419 Eximius
1618 2384 1746 2420 facilem
1775 2387 1962 2428 reelamque
1983 2387 2143 2431 gradatim

1265 2438 1319 2470 Ad
1343 2436 1463 2479 maiora
1486 2439 1596 2469 viam:
1619 2435 1736 2469 virtuti
1761 2446 1896 2469 munera
1920 2435 2004 2468 tanti

1264 2486 1504 2526 D0&riiraetltre
1530 2483 1626 2523 Viri,
1651 2484 1832 2517 multorum
1856 2482 1941 2517 forte
1961 2483 2093 2518 lacertis

1264 2536 1346 2575 Quae
1371 2532 1529 2579 nusquam
1549 2535 1708 2576 portanda
1726 2531 1860 2573 forent,
1882 2532 1935 2567 red
1957 2532 2043 2566 mole
2064 2539 2241 2578 gravarent

1264 2586 1416 2626 Impare,
1436 2581 1526 2616 nulla
1552 2592 1676 2626 queunt
1698 2581 1988 2616 commensurarier
2014 2583 2108 2626 seque

1265 2634 1363 2669 Unus
1381 2633 1488 2669 adhuc
1504 2629 1663 2678 superest,
1679 2643 1747 2681 quo
1774 2642 1843 2667 non
1863 2632 1984 2680 gradus
2002 2630 2102 2667 altior
2125 2638 2236 2672 extat,
