2414 3105
403 137 508 179 van
531 117 678 200 syrte
716 105 1259 193 Hoogu’eerdigheyd
1284 109 1342 186 J.
1377 110 1441 167 T.
1483 110 1528 184 Ῑ.
1565 104 1800 168 IVellens.

97 222 145 255 Te
161 221 324 267 Quartum
339 220 517 253 XVELLENE
538 226 643 255 cano,
663 223 786 258 perque
808 214 921 245 omnia
942 209 1090 264 Primum

148 254 241 302 vota
263 270 375 302 Decus
394 267 521 311 Sophiae
534 288 543 304 ‚
563 273 661 308 quem
683 262 783 295 modo
803 259 904 293 Falco
923 259 1016 313 colit.

98 320 206 359 Quem
225 315 398 350 fibissFalco
417 315 498 359 petit
521 325 579 357 per
597 310 720 357 singula
738 318 816 343 vota
836 309 1033 355 Magistrum
1045 332 1056 349 ,

106 391 112 400 i
147 368 236 408 Quid
257 364 396 398 sublime
421 367 523 410 tnagis
545 359 733 395 nobiliusve
755 359 896 392 canam?

100 415 208 449 Patria
225 412 297 448 laeta
320 421 397 446 tuos
418 408 498 446 oliui
519 419 695 454 expertura
716 408 870 447 labores,

151 461 285 495 Exultat
306 470 435 495 tantum
454 461 491 495 ser
504 459 646 506 genuine
669 459 802 492 Virum.

100 509 160 543 Ille
182 520 216 543 es
230 533 240 549 ,
259 511 316 543 cui
336 511 444 544 Dotes
466 512 597 544 Natura
620 509 762 552 benigna
781 504 952 548 stupendas

148 561 191 592 Et
210 559 337 592 dociles
359 564 487 593 animos
506 560 594 592 Diva
614 557 771 590 Minerva
792 555 893 593 dedit,

100 608 250 649 Quantus
257 609 366 641 honor
376 632 384 647 ‚
393 606 600 653 quantusque
610 607 710 639 decor
719 604 779 639 tibi
790 628 799 643 ,
809 613 951 649 quant-us
963 601 1097 637 &instat

149 657 295 696 Fervor,
314 660 345 690 δι
371 661 404 691 in
425 666 547 702 quanta
567 655 642 689 luce
663 655 810 688 beandus
827 656 901 686 eris.

100 707 281 738 Aureliana
303 709 404 739 animi
422 707 529 740 Claffis
549 703 685 750 pnes-aga
708 701 817 737 futuri

152 755 241 787 Inter
260 753 451 798 Discipulos
471 764 503 788 te
518 763 669 787 venerata
690 752 773 786 suos.

101 804 267 848 Quodque
288 804 335 837 rei
357 806 462 847 Caput
482 805 526 837 est
542 815 551 844 3
568 805 681 836 sinceri
702 802 826 835 candor
847 799 974 834 honesti

151 853 319 885 Hactenus
337 863 377 885 ex
396 852 505 886 oculis
525 863 600 886 cum
619 855 738 896 pietate
760 854 868 884 micat.

100 901 149 934 Te
171 911 300 934 morum
321 901 492 947 integritas
505 925 515 941 ,
536 910 569 934 te
593 911 669 934 vera
692 901 848 933 modestia
868 895 1012 938 frontis,

150 949 313 994 ‚Undique
333 950 478 984 Nativus
499 953 743 983 concomitatur
765 950 878 981 honOS.

102 997 152 1031 Di
173 998 233 1030 tibi
257 1007 308 1031 tot
328 1000 432 1031 Dotes
454 1002 484 1032 δι
503 1007 591 1031 tanta
613 997 735 1030 talenta
752 997 937 1034 dederunt,

155 1046 258 1086 Queis
278 1046 374 1079 Coelo
396 1050 426 1078 δι
453 1047 577 1079 mundo
600 1044 829 1088 complacuiss'e
849 1052 952 1087 potes.

101 1096 153 1128 Sic
168 1094 219 1136 pia
240 1102 272 1127 te
295 1103 444 1127 tenerum
467 1093 625 1128 formavit
648 1104 727 1126 cura
746 1095 928 1126 Parentum

151 1142 296 1175 Tramite
317 1153 359 1175 ne
379 1153 488 1186 coepto
513 1144 709 1189 degenerare
734 1152 843 1186 queas.

101 1192 233 1224 Occidit
253 1192 343 1231 (heu
365 1199 475 1225 tantos
495 1190 619 1237 refugit
641 1200 825 1225 memorare
843 1188 978 1224 dolores

151 1240 279 1280 Mens)
308 1242 464 1275 Genitrix
485 1244 609 1274 meritis
633 1251 700 1273 non
723 1244 885 1273 moritura
903 1238 978 1273 suis.

100 1288 141 1321 In
160 1288 243 1322 vivis
261 1290 402 1323 Genitor
425 1290 620 1323 meritorum
640 1292 782 1323 Lumine
805 1287 913 1322 clarus

153 1338 191 1369 In
213 1346 244 1372 te
268 1342 430 1373 virtutum
454 1338 595 1372 crescere
619 1340 707 1372 dona
730 1339 832 1372 videt.

102 1385 184 1420 11.oe
207 1388 347 1422 Patruus
365 1385 490 1422 Consul
512 1391 655 1434 gratanti
674 1388 805 1432 pectore
828 1389 858 1420 δι
882 1396 942 1420 ore

2083 118 2151 168 II

1207 207 1343 246 Cernit,
1366 214 1397 240 te
1420 210 1545 250 proprii
1565 217 1656 240 more
1676 209 1823 242 Parentis
1843 212 1939 244 amat.

1158 256 1251 289 Urbs
1269 255 1415 290 Anversa
1437 264 1495 289 tuo
1515 254 1574 289 sub
1595 258 1690 289 Patre
1703 278 1712 293 ‚
1733 266 1770 290 ac
1794 257 1938 292 Consule
1957 257 2104 304 gaudens

1209 307 1278 338 Stat
1297 306 1419 338 Patruo
1434 329 1444 344 ‚
1467 306 1595 338 Natum
1616 313 1649 338 te
1673 303 1761 338 colet
1784 304 1884 350 usque
1905 306 2010 340 suurn.

1160 355 1198 386 In
1219 362 1249 386 te
1265 354 1419 387 Virtutes
1444 354 1620 399 Patruique
1641 352 1809 399 Patrisque
1830 355 1979 398 stupescit

1214 405 1267 436 Ac
1287 406 1399 436 innata
1418 406 1529 436 animo
1551 404 1691 437 candida
1713 404 1811 437 Dona
1837 412 1907 437 tuo.

1164 452 1240 485 Nec
1263 450 1372 485 minus
1390 451 1491 486 Alma
1515 454 1633 486 Parens
1657 462 1743 485 onus
1763 453 1937 487 exantlass'e
1954 455 2078 489 Prioris

1215 499 1387 534 Hallarum
1400 525 1409 539 ‚
1435 504 1464 534 δι
1488 502 1589 536 Docti
1610 511 1641 536 te
1659 501 1819 545 Stupuere
1838 505 1934 538 senes
1946 527 1956 542 ,

1165 552 1337 584 sacrarum
1362 550 1513 585 'rhenum
1534 551 1665 596 quoties
1686 560 1718 585 te
1736 550 1860 587 solvere
1882 556 1992 588 nodos

1212 599 1421 638 Audieram,
1441 609 1581 645 quarum
1604 599 1715 634 debita
1732 601 1841 636 Palma
1861 604 1924 637 tibi
1948 604 2002 637 est.

1162 648 1316 682 Carmina
1336 650 1444 681 nostra
1463 658 1534 683 tuas
1552 658 1724 695 nequeunt
1742 662 1871 697 aequare
1891 652 2041 686 canendo

1213 699 1361 736 Laudes,
1380 695 1455 731 sunt
1479 698 1587 732 Donis
1609 698 1672 732 illa
1691 698 1821 734 minora
1848 705 1923 735 tuis.

1164 746 1203 778 In
1226 751 1350 792 magnis
1369 746 1506 781 voluisse
1525 755 1636 782 tamen
1653 746 1728 782 satis
1748 751 1808 783 effe
1827 748 1958 790 fateris,

1217 796 1374 829 Perficere
1393 796 1446 829 hic
1470 797 1567 830 nobis
1587 800 1618 830 δι
1641 800 1776 843 quoque
1798 799 1885 834 vello
1909 802 2018 834 datur.

1166 844 1285 886 Qualia
1305 844 1480 879 cantarunt
1497 847 1593 880 afflati
1610 847 1762 881 Numine
1783 849 1907 889 Vates,

1190 910 1192 913 v
1217 895 1270 927 Est
1295 898 1423 928 animus
1440 895 1536 928 nobis
1554 894 1637 929 talia*
1652 893 1738 930 ferre
1766 897 1837 931 tibi.

1166 943 1226 976 Sed
1237 942 1296 975 tibi
1309 967 1318 981 ‚
1330 944 1422 988 quod
1434 941 1568 977 ferimus
1580 954 1718 987 parvum
1731 947 1760 979 &
1773 947 1856 980 rude
1868 957 1997 982 carmen
2005 947 2143 984 honoris
2154 970 2165 988 ‚

1216 992 1343 1025 Tessera
1363 992 1475 1024 sinceri
1494 992 1634 1035 pectoris
1652 992 1736 1027 illud
1755 995 1827 1029 erit.

1167 1041 1220 1073 Tu
1240 1039 1383 1073 multum
1402 1040 1500 1074 nobis
1521 1044 1551 1073 δι
1570 1041 1693 1085 semper
1712 1046 1848 1078 amande
1871 1044 2035 1080 Professor

1217 1090 1269 1121 Tu
1289 1089 1374 1133 geris
1398 1088 1565 1123 Anversos
1585 1092 1721 1125 Summo
1740 1096 1775 1127 in
1798 1103 1909 1128 amore
1932 1098 2060 1141 Sophos

1165 1137 1242 1171 Nos
1261 1145 1291 1170 te
1314 1137 1482 1183 diligimus
1505 1139 1600 1183 parili
1619 1144 1751 1183 pietatis
1771 1152 1882 1176 amore
1896 1168 1906 1185 ,

1215 1188 1268 1219 Sic
1290 1188 1438 1220 nostrum
1458 1189 1590 1222 Coetum
1610 1198 1748 1224 mutuus
1771 1200 1868 1237 urget
1888 1203 1992 1228 amor.

1167 1236 1244 1270 Hoc
1263 1234 1310 1268 sat
1333 1237 1511 1270 monstrasti
1535 1237 1587 1271 vel
1611 1241 1645 1272 in
1665 1237 1732 1282 ipso
1752 1240 1883 1274 Limine
1903 1244 2002 1277 nobis
2015 1267 2026 1286 ,

1220 1286 1361 1325 Quando
1382 1283 1570 1321 Professor-is
1592 1298 1714 1321 munus
1737 1290 1827 1322 adi-re
1850 1301 1951 1333 paras.

1169 1333 1222 1368 Sic
1242 1333 1350 1368 faveas
1363 1357 1372 1373 ,
1393 1336 1587 1381 dudumque
1607 1338 1688 1370 Tuis
1706 1336 1868 1383 nobisque
1886 1340 1993 1374 valeto
2009 1363 2021 1382 ‚

1219 1385 1303 1417 Haec
1323 1383 1385 1418 tibi
1407 1386 1447 1419 de
1468 1388 1583 1429 primis
1602 1390 1754 1430 proxima
1775 1397 1850 1422 vota
1874 1389 2000 1424 damus.

739 1452 1147 1485 CHRONICON
1200 1452 1517 1484 TRIPLEX.

220 1516 551 1550 sCANDERE
600 1518 939 1551 FALCONEM
989 1527 1089 1551 PER
1140 1518 1402 1557 sIDERA,
1451 1519 1701 1560 DoC'rE,
1751 1520 2050 1560 DoCEBIs,

317 1566 627 1600 CONFERRE
675 1576 737 1600 ET
785 1567 1017 1600 PRIMAS
1067 1576 1087 1599 Λ
1136 1567 1426 1600 PALLADE
1475 1578 1630 1601 POSSE
1679 1569 1955 1603 CononAs.

137 1703 709 1749 αὶ--ῃ-

1343 1637 1489 1672 CarMen
1515 1640 1586 1673 Dat
1611 1639 1703 1674 Laeta
1729 1641 1953 1687 Congregatlo.

109 1814 297 1854 Praenobz'h‘,
311 1817 494 1850 Reverendo
508 1819 680 1856 admodum,
693 1830 728 1851 ac
744 1818 962 1860 Confitltiffimo
973 1818 1108 1850 Domino
1121 1838 1131 1854 ‚
1141 1816 1468 1861 DomiaosACOBO
1482 1819 1673 1852 YHOMAE
1685 1821 1899 1865 JOSEPHO
1913 1821 2166 1863 WELLENS,

158 1865 382 1907 Antverplenft
392 1888 401 1902 ‚
422 1866 526 1899 Sacrae
546 1868 698 1899 Romanae
721 1867 868 1908 Ecclcfiae
894 1867 1100 1909 Presbytero,
1120 1866 1245 1910 infignc's
1265 1865 1412 1908 Eccleflae
1427 1868 1602 1911 Collegiatae
1617 1870 1650 1901 S.
1663 1869 1777 1913 Jacobl
1795 1871 1978 1914 Amverpiae
1990 1871 2165 1910 canonico,

153 1913 352 1955 floremzffimi
375 1914 554 1958 Paedagogii
575 1915 814 1948 FALCONIS
829 1938 839 1954 ,
863 1915 1028 1958 Profeffim'
1052 1916 1231 1957 merltt'ffimo
1253 1918 1285 1947 in
1304 1916 1385 1948 alma
1409 1918 1616 1960 Univerfitate
1641 1919 1848 1961 Lovanienfi,
1867 1921 1970 1953 Sacrae
1993 1919 2166 1964 Theologiae

156 1961 297 2006 &suris
317 1965 471 2007 utriusque
492 1965 639 1997 LIcentiae
659 1965 798 1998 Graiium
813 1986 823 2004 ,
842 1966 941 1997 eodem
966 1966 1014 1997 dc'e
1026 1965 1143 2007 flammo
1161 1975 1228 1997 cum
1250 1965 1360 1997 honore
1380 1967 1567 2010 consequenti
1588 1970 1635 2002 die
1657 1978 1695 2010 31
1715 1969 1799 2015 Julii
1824 1978 1924 2013 1752.

100 2026 333 2120 *Victrices
353 2079 500 2123 duplicat
518 2081 668 2120 Lauros,
687 2083 717 2114 δι
739 2080 815 2115 bina
837 2079 997 2124 triumphi

109 2126 200 2159 Serta
218 2127 309 2161 simul
333 2129 392 2162 fibi
410 2131 505 2163 Falco
522 2138 631 2172 parat,
651 2131 786 2164 stridore
806 2129 950 2164 secundo

111 2174 229 2208 Omnia
249 2177 424 2219 pervolitat
443 2178 507 2212 late
529 2178 604 2212 loca
625 2180 720 2212 doc‘ta
740 2178 898 2213 Volucris

109 2224 337 2271 sacratamque
357 2227 440 2271 rapit
461 2227 605 2261 Palmam
629 2231 815 2274 pariterque
837 2232 996 2274 Togatam
1011 2250 1022 2269 ,

116 2273 228 2315 Atque
247 2273 457 2310 Profefforem
479 2276 642 2321 geminata
662 2274 781 2312 fronde
803 2280 963 2312 decorum

115 2318 344 2364 wart-mum,
366 2322 431 2359 fert
449 2328 545 2359 Astra
567 2325 660 2369 super
675 2350 685 2365 ,
706 2326 857 2362 mirabile
876 2325 945 2362 visu
963 2327 971 2361 Ξ

114 2367 220 2407 Quem
240 2376 380 2413 primum
402 2374 515 2408 dixere
535 2377 681 2419 Sophum
700 2374 848 2421 suffragia
868 2387 913 2421 qu
924 2385 1028 2424 eque,

115 2418 197 2456 Qua:
220 2416 350 2454 fortuna
369 2420 456 2457 favet
475 2426 626 2458 rarissiina
640 2448 649 2463 ,
671 2422 769 2459 fausta
790 2425 920 2460 favebat

115 2466 311 2506 Wmfflso,
327 2469 416 2504 illius
437 2483 606 2518 nunquam
626 2471 777 2508 frustrata
798 2475 936 2509 labores.

117 2515 243 2549 Laurea
267 2518 308 2549 sic
326 2518 426 2552 viruit
444 2522 572 2564 Sophiae
585 2546 594 2561 ,
615 2523 766 2557 Victoria
790 2533 880 2557 tanta

116 2564 247 2599 Falconi
272 2567 396 2599 invisio
409 2591 417 2606 ,
437 2572 550 2609 rediit,
572 2582 696 2617 perque
720 2572 844 2616 inclyta
864 2573 949 2607 tecta

116 2612 226 2651 Palma
247 2614 452 2664 triumphalis
469 2619 594 2666 sophiae
610 2620 804 2660 exhilaravit
820 2622 989 2660 Alumnos
998 2645 1010 2669 ,

1166 2079 1374 2127 Attollitque
1401 2083 1543 2117 Animos
1563 2093 1679 2117 omnes
1690 2084 1783 2118 'nova
1802 2081 1906 2129 gloria
1930 2082 2040 2118 Primi.

1166 2130 1244 2163 Nec
1271 2141 1361 2164 mora
1379 2145 1389 2164 .·
1406 2134 1538 2166 sacrato
1559 2134 1665 2167 studio
1690 2134 1890 2166 inflammata
1913 2132 2068 2168 voluntas

1167 2176 1282 2212 Altius
1305 2178 1468 2226 exsurgit,
1488 2184 1598 2216 Sacras
1622 2182 1794 2217 contendit
1815 2183 1853 2215 ad
1876 2183 1974 2216 Artes

1171 2227 1325 2273 Impigra,
1337 2240 1438 2268 mens,
1449 2232 1673 2276 Magnamque
1683 2233 1843 2270 Domum,
1855 2233 2079 2266 moderamine
2090 2231 2163 2268 miti

1169 2277 1306 2309 Serros
1326 2279 1467 2313 eximius
1485 2290 1581 2324 quam
1598 2282 1711 2325 dirigit
1725 2304 1735 2318 ,
1756 2282 1853 2315 ardor
1871 2280 2008 2315 anhelus

1169 2326 1308 2367 Appetit
1321 2350 1330 2366 ,
1353 2328 1564 2373 ingentesque
1585 2328 1693 2362 haurit
1713 2327 1773 2364 sub
1795 2330 1925 2364 Praeside
1944 2327 2071 2364 fructus

1170 2373 1304 2408 Eximio
1329 2378 1541 2418 WELLENUs3
1557 2385 1627 2410 erat
1646 2378 1836 2422 gratiffimus
1857 2380 1950 2412 AEdis

1170 2422 1286 2456 Incola
1309 2425 1470 2468 Majoris,
1496 2426 1633 2460 Grudiae
1655 2426 1725 2461 laus
1751 2439 1867 2474 magna
1887 2427 2042 2462 Palaestrae

1171 2473 1291 2505 Extitit
1304 2496 1313 2511 ‚
1334 2485 1370 2508 ac
1390 2476 1495 2509 studio
1514 2475 1624 2521 Magis
1642 2475 1853 2511 inclarescere
1873 2476 1989 2523 pergit.

1166 2521 1308 2567 Jamque
1326 2522 1495 2558 Prioratsis
1514 2534 1598 2559 onus
1620 2525 1799 2560 exantlavit
1819 2526 1907 2561 acuti

1173 2571 1313 2605 Viribus
1332 2573 1477 2619 ingenii,
1499 2584 1566 2618 quo
1591 2584 1659 2607 non
1684 2577 1856 2609 animosior
1878 2575 1960 2609 alter

1169 2621 1247 2658 Hoc
1269 2624 1398 2668 pondus
1417 2620 1555 2660 sublime
1575 2633 1690 2670 gerens
1710 2623 1864 2672 disceptat
1885 2629 1921 2662 in
1939 2623 2069 2669 Haihs3
