2414 3105
431 135 536 180 van
557 112 713 203 syna·
743 114 1291 204 Hooguaeerdigheyd
1311 120 1371 200 J
1405 121 1473 180 T.⁴
1509 120 1557 197 Ῑ;
1594 117 1825 182 Wellens.
2123 139 2192 202 13

111 217 166 255 Sic
182 217 295 265 palmia
315 218 485 260 stimulus,
505 219 563 264 qui
579 220 714 264 quaevis
737 219 837 252 ardua
859 216 969 251 vincit
985 240 997 259 ,
1238 218 1314 253 Otia
1339 220 1379 253 fic
1401 221 1488 252 vitae
1507 216 1659 251 desidiosa
1681 216 1779 265 fugit.

166 271 319 316 Ingentes
340 271 482 304 Animos
504 266 749 313 impavidosque
772 265 862 301 facit.
1185 268 1279 304 Dum
1302 267 1367 301 late
1394 266 1485 301 illius
1507 266 1655 312 divulgat
1672 267 1779 312 gloria
1804 271 1936 305 Famam
1951 293 1962 311 ,

114 319 335 365 Magnanimo
358 317 467 363 Pugili
491 317 601 352 laurus
622 326 690 350 non
708 315 832 351 sufficit*
846 326 929 356 una,
1238 318 1486 361 Dourinaeque
1505 316 1618 349 Decus
1639 316 1751 350 celsius
1773 317 1819 350 ire
1838 328 1937 361 parat.

165 369 246 402 Bina
266 368 381 406 datur,
406 370 464 412 qui
488 376 556 400 non
581 364 732 410 pluribus
754 369 858 409 impar
878 373 958 400 erat.
1187 367 1277 401 Ecce
1297 363 1513 400 Professorem
1533 366 1630 399 Falco
1649 369 1756 408 petit,
1774 365 1859 400 illud
1882 369 2020 404 honoria

115 417 322 462 Magnorum
341 415 360 449 a
380 418 486 450 Puero
511 425 612 461 quem
630 417 736 449 taedia
755 415 846 450 nulla
864 415 1021 450 laborum
1243 415 1386 450 Culmen
1413 417 1480 449 adit
1493 438 1502 454 ,
1521 412 1651 447 summo
1669 416 1789 459 dignus
1808 416 1935 449 honore
1954 417 2030 451 coli.

164 465 301 508 Coepere
313 489 323 504 ,
343 475 383 498 ex
401 465 518 510 quavis
538 467 622 499 Arte
643 466 813 508 Trophaea
832 467 928 511 gerit.
1185 465 1326 499 Subtilis
1344 464 1483 507 Sophiae
1502 464 1606 497 studet
1620 463 1781 497 illustrare-
1801 464 1972 499 Palaest-ras
1985 489 1995 506 ‚

116 515 255 559 Ingenio
277 513 430 558 superans
447 512 541 548 sacili*
556 512 716 559 vigilique
736 512 851 547 labore
864 537 874 553 ‚
1235 517 1296 548 Per
1319 513 1466 548 Primum
1488 512 1577 546 hunc
1598 514 1726 547 Primus
1750 513 2028 558 multiplicandus
2049 513 2171 549 honos,

167 562 316 596 Praemia
334 564 414 598 dum
434 562 557 598 tulerat
579 564 720 606 plurima
734 586 743 602 ,
764 562 859 607 plura
879 566 972 606 rapit.
1186 563 1355 609 Adjungit
1377 564 1528 610 Stuglium
1551 563 1685 602 Studio,
1704 562 1866 609 rebusque
1883 566 2026 599 Sacratis

117 613 250 656 Semper
269 613 326 647 cui
344 614 473 647 Primos
494 612 640 647 decrevit
663 613 778 646 Pallas
804 614 948 646 honores
961 634 972 653 ,
1242 614 1409 659 Dogmata
1425 612 1568 659 Juridici
1589 610 1730 656 litigiosa
1750 610 1825 647 fori.

166 662 274 695 Prima
292 660 364 696 sede
387 660 500 696 sedens
521 659 771 706 conspiciendus
788 671 868 696 erat.
1191 663 1410 708 Progreditur
1434 662 1561 699 victor,
1583 662 1756 707 studioque
1776 660 1911 697 excellit
1933 666 1970 697 in·
1989 661 2108 706 omni..

116 709 245 744 Nobile
265 708 425 746 facundae
444 721 501 745 cor
520 710 746 756 deliciumque
760 712 917 745 Minervae
1245 710 1403 746 Difficiles
1422 714 1520 744 tricas
1543 709 1718 744 enucleare
1739 719 1866 753 potens.

169 761 286 806 Atque
308 763 505 804 Anverfiznae
526 759 664 794 Nobilis
688 761 795 794 Urbis
814 761 934 794 honor.
1194 760 1340 797 victrici
1362 758 1467 794 fronti
1488 760 1554 803 jam
1576 759 1689 794 debita
1708 759 1791 793 serta
1810 769 1966 804 parantur
1979 785 1990 803 ‚

119 808 304 844 Contendit
325 810 452 844 Patrios
474 813 577 855 magis
597 817 759 843 exornare
780 818 933 853 penates,
1247 812 1398 844 Exornat
1415 813 1570 843 meritum
1593 809 1670 843 bina
1691 810 1826 844 Corona
1847 811 1964 854 Caput.

171 859 285 902 Major
303 860 389 902 apud
414 860 563 893 Grudios
582 857 686 904 surgit
703 859 833 892 honora
856 857 954 906 seges.
1195 860 1355 895 Moribus
1381 862 1412 892 δι
1435 858 1548 892 studiis
1569 860 1748 893 WELLENE
1767 860 1964 906 ubicunque
1987 858 2138 902 mestis,

114 908 259 954 Jamque
283 907 451 942 biennales
471 909 597 941 invic'to
622 909 734 942 Marte
751 907 883 942 labores
1246 907 1477 954 Exemplisque
1499 907 1594 942 bonis
1620 911 1651 942 &
1671 910 1796 943 Pietate
1816 909 1930 953 praeis.

172 955 317 1000 Suscepit
336 956 467 1001 Sophici
488 956 595 1002 gloria
615 960 720 999 prima
738 957 868 1002 Gregis.
1196 959 1258 992 Per
1278 961 1412 992 Sacrum
1434 959 1607 992 contendis
1630 961 1714 997 iter,
1734 968 1791 1002 per
1813 959 1958 1002 compita
1977 961 2079 995 Recta

119 1006 254 1052 ingenti
274 1005 307 1039 in
325 1016 466 1040 numero
476 1004 626 1048 Sophicis
639 1006 842 1038 dexterrima
854 1005 973 1051 pugnis
1247 1009 1359 1053 Pergis
1378 1005 1536 1041 inoffenso
1558 1009 1652 1052 (quo
1674 1008 1770 1041 decet
1788 1011 1834 1041 ire
1847 1012 1868 1048 )·
1882 1010 1973 1051 pede.

176 1057 243 1088 Hic
271 1053 391 1088 iterum
416 1054 535 1086 victrix
555 1063 646 1086 mens
666 1052 822 1099 generosa
848 1055 944 1088 stetit.
1196 1055 1324 1090 Indolis
1339 1066 1373 1088 es
1392 1057 1552 1099 praestans
1578 1056 1688 1102 magni
1706 1055 1896 1102 patiensque
1917 1057 2065 1100 laboris,

124 1104 293 1147 Quodque
311 1106 357 1135 rei
379 1104 486 1146 Caput
505 1103 567 1140 est,
584 1103 639 1136 hic
655 1111 732 1136 vota
749 1112 807 1145 per
831 1108 943 1137 omnia
964 1101 1095 1139 Primus
1248 1106 1315 1138 Cui
1336 1115 1428 1138 mens
1447 1106 1480 1138 in
1502 1113 1617 1138 tenero
1639 1115 1779 1148 corpore
1800 1117 1915 1152 magna
1938 1106 2029 1141 latet.

174 1152 272 1185 Atria
295 1150 448 1185 Falconis
470 1150 659 1185 laetificavit
675 1162 788 1184 ovans.
1199 1155 1295 1189 Nota
1319 1163 1375 1187 tua
1398 1155 1443 1187 est
1465 1153 1613 1198 probitas
1632 1152 1838 1200 speetataque
1863 1164 1991 1199 tempus
2014 1160 2049 1191 in
2073 1165 2176 1190 omne

125 1201 332 1245 Andoverpa
349 1202 468 1235 Parens
491 1200 585 1234 laetis
604 1201 836 1244 complectitur
858 1200 949 1236 ulnis
1252 1205 1295 1237 Et
1312 1202 1432 1247 pariter
1455 1204 1575 1238 Virtus
1597 1213 1665 1236 non
1683 1205 1849 1248 probitate
1876 1209 1995 1239 minor.

173 1252 405 1290 WELLENtm‚
426 1254 456 1284 &
477 1248 607 1284 Prolem
624 1249 723 1292 jactat
749 1260 902 1296 amatque
923 1250 1023 1286 suam.
1201 1255 1255 1288 Sic
1275 1252 1381 1299 viguit
1402 1254 1525 1286 candor
1539 1276 1549 1291 ‚
1571 1252 1678 1298 viguit
1700 1255 1741 1287 fic
1759 1255 1900 1288 entheas
1923 1256 2021 1289 ardor-
2033 1277 2049 1296 2

126 1299 329 1335 Wmmws
350 1303 494 1346 equitur
515 1299 681 1334 clarorum
708 1298 792 1333 facta
819 1302 981 1336 Virorum
999 1324 1011 1342 ‚
1253 1303 1307 1335 Ne
1330 1310 1438 1335 careat
1458 1299 1567 1337 frusto
1586 1313 1678 1336 mens
1697 1302 1841 1337 animosa
1865 1302 1932 1338 suo.

176 1350 220 1382 Et
245 1360 341 1384 verae
361 1350 478 1396 relegit
492 1347 605 1383 nobile
629 1348 735 1383 laudis
758 1349 842 1390 iter,
1202 1353 1332 1386 Laurea
1351 1351 1428 1385 bina
1449 1352 1509 1386 tibi
1532 1349 1669 1394 spondet
1691 1353 1848 1387 Doc'toris
1869 1352 2039 1395 honores,

127 1396 334 1444 Illustresque
354 1401 455 1433 Viros
476 1398 622 1432 imitatus
641 1409 752 1432 amore
776 1399 927 1434 studendi
1253 1403 1302 1435 Te
1323 1401 1446 1444 majora
1469 1409 1604 1435 manent
1624 1406 1767 1445 praemia
1780 1426 1790 1443 ‚
1812 1412 1892 1436 vota
1911 1400 2032 1438 favent.

180 1447 300 1481 Volvit
320 1451 350 1482 &
371 1449 563 1482 Authorum
590 1447 728 1493 perlegit
752 1459 851 1482 omne
873 1450 999 1485 Genus.
1201 1453 1322 1485 Omnia
1344 1452 1442 1484 corda
1462 1449 1576 1485 favent
1593 1450 1694 1484 nostri
1716 1452 1778 1486 tibi
1795 1453 1902 1486 dedita
1927 1454 2066 1493 Coetus,

130 1495 183 1530 Fit
207 1497 304 1529 Prior
325 1499 491 1530 HJIIarum
508 1520 517 1536 ‚
538 1507 606 1541 quo
627 1507 695 1530 non
718 1496 876 1532 illustrior
898 1495 1002 1541 alter,
1247 1501 1434 1547 JunCtaque
1457 1499 1533 1535 sunt
1551 1504 1639 1534 votis
1656 1501 1735 1533 haec
1755 1504 1806 1544 pia
1828 1510 1906 1535 vota
1928 1505 2002 1536 tuis.

180 1546 316 1578 Summo
338 1556 414 1580 curn
435 1544 547 1590 plausu
567 1543 698 1589 suscipit
716 1545 802 1580 illud
820 1559 915 1582 onus.
1201 1548 1336 1594 Singula
1356 1560 1439 1594 quae
1464 1548 1603 1583 tulimus
1623 1547 1784 1584 manifesti
1807 1551 1892 1595 signa
1912 1548 2060 1592 favoris,

129 1592 285 1636 Disputat
302 1595 453 1628 audacter
467 1618 477 1634 ‚
500 1593 612 1629 subtili
639 1605 721 1629 voce
741 1599 909 1643 modoque
1253 1599 1444 1633 Pectoribus
1462 1606 1632 1632 remanent
1656 1608 1724 1632 non
1765 1598 1894 1634 abitura
1914 1600 1985 1643 piis.

182 1643 306 1676 Divitis
330 1643 455 1688 ingenii
475 1645 530 1678 dat
555 1645 758 1678 documenta
780 1644 838 1680 sui.
1202 1646 1292 1682 Vive
1313 1647 1368 1682 diu
1384 1646 1497 1691 Sospes
1513 1658 1570 1691 per
1590 1647 1740 1681 Nestoris
1762 1652 1891 1694 integer
1912 1659 2049 1690 aevum.

130 1692 300 1727 Exercens
317 1697 464 1728 animum
486 1694 600 1728 studiis
622 1691 783 1740 rebusque
805 1697 935 1731 decoris
1252 1698 1344 1731 Mira
1361 1695 1581 1731 Profefl'orum
1600 1696 1708 1743 gloria
1727 1699 1803 1733 vive
1821 1697 1888 1732 diu.

952 1763 1406 1795 CHRONICA.

591 1827 726 1860 ΒΙΝΛ
777 1830 1114 1864 ΡΛΕΟΟΝΕΜ
1165 1830 1489 1864 DECORARE
1539 1833 1756 1866 PERGIT

711 1878 955 1913 MERCi-:s
1005 1880 1319 1914 CouDIGNA
1370 1881 1631 1915 LABORIs.

776 1951 957 1996 Applaudlt
984 1953 1113 1996 Inclyta
1137 1953 1342 1997 Congregati'o
1362 1952 1615 1997 Philosophorum
1634 1952 1919 1999 Anzverplenfium.

138 2008 434 2102 §²2³2
1054 2032 1281 2088 vs<
1874 2090 1877 2093 Α
1905 2014 2202 2105 *ἑῇ

133 2121 316 2163 Praenobzli,
328 2126 512 2158 Reverendo
526 2128 684 2160 admodum
696 2149 706 2165 ‚
719 2126 912 2168 eruditiffimo
923 2126 1189 2168 consulzifflmoque
1202 2124 1284 2158 Viro
1297 2126 1444 2162 Domino,
1457 2127 1593 2159 Domino
1599 2127 1784 2171 JACOBO
1796 2126 1986 2159 THOMAE
1993 2122 2206 2169 JOSEPHO

185 2171 435 2212 WELLENS‚
457 2175 702 2219 AnrverpZenfi,
725 2175 829 2207 Sacrae
848 2177 1000 2208 Romanae
1022 2174 1170 2216 Ecclefiae
1189 2175 1397 2217 Presbyter0‚
1421 2174 1548 2219 infigm’s
1565 2176 1713 2218 Ecclefiae
1741 2177 1916 2220 Collegiatae
1946 2175 1978 2206 S.
1990 2175 2103 2218 jacobi
2120 2174 2208 2205 Ant-

184 2227 297 2268 verpiae
319 2224 491 2261 Canoniw,
511 2226 708 2267 florentt‘ffimi
726 2224 907 2269 Paedagogii
930 2224 1172 2256 FALCONJS
1190 2224 1356 2267 Profi’fforl
1375 2225 1580 2266 DZgniſj?mo‚
1601 2228 1631 2257 ἱη
1649 2226 1750 2259 Alma
1775 2224 1980 2266 Univerfitczte
2000 2220 2208 2262 Lovanienfi,

188 2269 294 2306 Sacrae
315 2274 488 2318 Theologiae
507 2273 647 2318 &suris
670 2274 827 2317 utriusque
859 2274 1006 2307 Lt'centc’ae
1027 2274 1168 2307 Gradum
1184 2295 1194 2313 ‚
1214 2275 1334 2317 summa
1357 2284 1423 2306 cum
1441 2272 1532 2308 laude
1552 2276 1771 2317 conscendenti.
1803 2275 1869 2307 Die
1898 2284 1936 2316 31
1956 2273 2040 2318 Juliz
2070 2280 2170 2315 1752·

145 2337 252 2420 ILla
269 2397 330 2432 ego
343 2412 353 2428 ‚
379 2390 469 2424 dives
489 2400 609 2433 opum,
626 2389 731 2424 refluo
755 2391 894 2424 finitima
912 2388 1043 2424 Schaldi
1209 2391 1287 2424 Una
1307 2389 1414 2422 urbes.
1439 2389 1529 2424 Mihi
1549 2398 1602 2423 tot
1622 2390 1807 2431 dederunt,
1831 2400 1916 2435 quos
1942 2393 2056 2423 nutrio
2069 2413 2078 2428 ‚
2099 2386 2205 2422 fastus.

143 2436 330 2478 Andoverfa
351 2449 435 2472 meas
457 2443 542 2473 inter
566 2442 679 2484 regina
699 2441 836 2472 Sorores
849 2462 859 2479 ,
1208 2441 1284 2473 Nec
1303 2438 1375 2474 satis
1393 2441 1437 2472 est
1457 2438 1580 2483 sophici
1602 2443 1786 2484 pertingere
1809 2439 1939 2473 culmen
1965 2438 2133 2479 Honoris3

144 2482 293 2516 Rursum
319 2484 402 2519 inter
424 2488 565 2533 reliquas
590 2497 687 2531 caput
710 2499 810 2521 exero
835 2487 1008 2532 pulchrior
1027 2488 1138 2523 urbes.
1207 2491 1303 2523 Sacra
1322 2488 1420 2522 etiam
1442 2492 1472 2522 δι
1491 2490 1670 2522 Themidos
1694 2486 1841 2523 referunt
1864 2488 1942 2522 mihi
1963 2489 2088 2521 Laurea
2112 2486 2180 2521 nati

143 2533 187 2566 Et
204 2535 322 2567 merito
335 2547 345 2566 .·
358 2545 497 2580 namque
516 2538 673 2571 inumeris
695 2536 908 2571 celeberrima
927 2537 1055 2581 pompis
1206 2539 1305 2572 Dona
1321 2561 1330 2576 ,
1350 2540 1381 2571 &
1405 2547 1536 2572 maturo
1560 2547 1722 2571 renovant
1748 2548 1817 2571 mea
1837 2537 1958 2583 gaudia
1977 2535 2113 2572 frtrem.»

144 2585 297 2626 Turge0‚
322 2581 520 2626 conspiciens
541 2588 714 2620 Primorum
733 2589 823 2619 Serta
846 2597 995 2620 meorum
1009 2600 1016 2620 :
1204 2589 1256 2621 Sic
1267 2591 1403 2631 primam
1415 2585 1534 2630 sophim
1544 2590 1741 2629 (memorem
1756 2589 1835 2632 quid
1848 2587 1991 2631 singula?
2002 2591 2018 2629 )
2030 2585 2180 2621 frondem
2193 2606 2204 2625 ‚

144 2632 189 2667 Et
207 2630 321 2665 seriem
339 2630 472 2677 longam
486 2656 495 2671 ‚
519 2636 550 2666 &
571 2637 690 2669 virides
709 2646 790 2680 quas
812 2637 910 2669 necto
929 2637 1079 2671 Coronas
1206 2638 1250 2671 Et
1274 2635 1441 2679 duplicem
1463 2647 1565 2680 nuper
1588 2635 1721 2670 retulisti
1745 2638 1862 2680 Erselle
1880 2638 2059 2670 Coronam.

144 2680 344 2721 Admiratus,
367 2682 488 2717 incedo
511 2693 624 2717 omnes
643 2683 760 2719 elatior
785 2688 873 2720 inter
1205 2685 1338 2721 Harum
1363 2687 1558 2721 VVELLENUS
1577 2685 1758 2721 stimulatus
1774 2686 1917 2733 imagine
1937 2696 2049 2721 rerum
2094 2726 2097 2727 ⁷

1447 2736 1482 2769 D
