2414 3105
158 124 233 165 22
624 95 951 182 Algemeyne
991 96 1381 183 Verzamelinge
1408 102 1497 163 der
1528 101 1754 166 eren

149 206 319 241 Praenobili
336 227 345 244 ‚
370 204 396 238 I
397 203 578 248 [lustriffimo
605 216 643 264 {ze
672 206 933 248 Reverendiffimo
958 207 1118 244 Domino,
1144 208 1281 241 Domino
1301 209 1490 252 JACOBO
1516 210 1710 244 THOMAE
1734 206 1947 256 JOSEPHO
1972 204 2231 243 WELLENS‚

199 258 350 302 quondam
374 267 405 288 ιιι
430 255 531 288 ΑΙηια
555 254 763 297 Umverfitate
790 255 981 297 Lovanienfi
1011 258 1124 288 artium
1150 259 1229 290 votis
1260 257 1405 292 Omnium
1431 259 1539 293 Primo
1556 283 1566 299 ‚
1587 262 1692 304 postea
1716 263 1748 294 ἱιι
1773 260 1875 293 eadem
1897 257 2103 301 Univerfitate
2124 258 2229 292 Sacrae

201 306 374 349 leeologiae
394 306 520 338 Dofft'orl
542 304 679 348 Regenti
700 315 780 336 nunc
802 306 916 337 decimo
940 305 1072 348 Septimo
1095 306 1368 350 AntverpIenfium
1393 307 1565 351 Episcopo,
1591 321 1658 343 cum
1683 309 1824 343 Primum
1854 311 1885 341 ῑη
1909 307 2095 341 cathedram
2118 307 2231 341 Solem-

201 360 281 390 nirer
308 357 524 392 induceretur,
550 352 812 386 APPLAUDEBAT
838 353 1014 386 METRICE
1039 355 1220 387 PALAESTRA
1246 356 1442 389 LITERARIA
1468 356 1976 391 AUGUSTINo-ANTVEerwsIs.

151 425 215 449 §³13³
220 421 339 446 mm:
344 420 590 444 mmtvfflm
595 420 1976 446 mmmmwaesssfflmmmmmmwmmm
1980 422 2232 447 &mmm

203 469 410 511 Annei-pice,
433 477 524 509 quam
551 473 670 498 recreat
699 467 731 498 in
756 465 860 507 somno
885 463 1036 505 Musica,
1055 464 1199 507 praefuli's
1217 466 1271 507 sui
1295 467 1426 499 Henrici·
1454 468 1613 500 Gabi-[Elis
1636 477 1759 502 mortem
1785 469 1905 511 deflenti
1937 466 1964 500 I
1966 466 2179 509 Iluftriffimum

886 516 1052 548 annuatim
1075 514 1272 558 succe-Ument
1298 514 1491 549 Mercurius.

1006 580 1378 613 MUSICA.

985 637 1101 667 Pet-diti
1133 637 1214 667 Ceffa
1252 640 1352 670 dolere
1371 660 1382 674 ‚

1028 677 1148 722 Virgo,
1177 686 1301 709 mortem
1335 680 1470 711 Praesulis
1487 701 1496 717 ,

995 715 1136 745 Dehnant
1166 725 1249 754 geno:
1282 721 1400 749 madere

443 769 461 783 0
1039 756 1253 796 Lacrymarum
1284 759 1402 790 rivulis.

157 875 322 917 (Amr.)
342 826 557 914 Nun-10,
576 871 650 919 quis
662 881 757 906 aures
773 866 923 915 personet
934 865 1030 901 laetus
1044 862 1159 906 sonus,
1224 869 1329 903 Patris
1353 879 1410 913 per
1433 870 1514 904 astra
1534 879 1661 916 quaere,
1682 866 1797 914 sydera
1817 870 1849 903 Sc
1870 866 1988 913 polum

159 925 286 961 Maestis
306 924 434 957 madere
450 923 605 967 lacrymis
621 931 735 957 vetans
751 930 849 966 genas
869 920 876 953 Ε
1223 920 1376 953 Scrutare
1390 943 1399 958 ,
1417 918 1583 965 lustraque
1602 924 1718 954 intima
1738 918 1842 963 elysiae
1862 917 1993 952 Domus
2006 941 2017 958 ‚

157 974 268 1006 Vetor
286 983 366 1020 ergo
388 983 528 1008 mortem
554 976 630 1006 flere
650 980 717 1004 tam
739 969 827 1003 chari
848 969 951 1001 Patris
970 966 985 1000 Ρ
1225 968 1241 1001 Ι
1266 979 1324 1011 per
1347 969 1500 1007 recefl'us,
1523 969 1698 1016 conjugem
1720 978 1776 1012 per
1799 979 1884 1014 quos
1908 967 2000 1003 suam

157 1023 310 1057 Parebo?
331 1023 476 1057 minime.
494 1025 631 1057 Somnio
652 1020 740 1054 haud
757 1020 852 1053 fidem
870 1017 968 1051 dabo.
1225 1017 1344 1051 Adivit
1368 1017 1518 1061 Orpheus
1532 1042 1541 1057 ‚
1566 1027 1663 1064 teque
1685 1018 1852 1063 disjungat
1873 1017 1957 1053 nihil

157 1073 263 1106 Ludit
276 1068 445 1117 frequenti
464 1071 616 1107 credulos
631 1070 728 1114 sopor
748 1067 840 1103 dolo.
1227 1067 1368 1099 Inventa
1387 1068 1427 1099 ab
1450 1067 1577 1101 umbra.
1603 1069 1710 1101 ,Mera
1725 1060 1879 1101 Nuntius
1899 1067 1985 1102 coelo
2005 1068 2103 1102 datus
2150 1057 2152 1060 V

159 1120 307 1156 Labasco
327 1130 396 1155 tota
409 1145 418 1162 ,
440 1131 550 1156 mente
573 1123 654 1155 dum
673 1123 750 1154 viva
768 1120 887 1151 statum
1227 1116 1281 1149 En
1305 1115 1401 1149 laetus
1423 1114 1534 1149 adsum
1555 1128 1561 1149 ε
1585 1117 1694 1162 Virgo
1708 1140 1717 1155 ‚
1737 1127 1805 1161 quo
1827 1118 1905 1150 fletu
1926 1117 2021 1151 ruis?

159 1171 318 1206 Revolvo
336 1169 499 1205 miserum.
535 1172 623 1213 Quid
647 1167 724 1203 fui?
747 1168 829 1213 quid
847 1164 919 1200 sum
937 1162 1064 1199 modo?
1228 1166 1298 1198 Has
1316 1175 1401 1208 pone
1419 1164 1602 1209 lacrymas,
1626 1167 1736 1200 cordis
1756 1169 1786 1199 &
1806 1174 1937 1201 tantum
1960 1164 2009 1200 tui

159 1222 247 1255 Vixi
265 1219 355 1254 fideli
372 1219 432 1255 sub
450 1223 543 1255 Patre
562 1219 666 1253 fidelis
678 1242 689 1258 ‚
708 1218 787 1250 fide.
1228 1214 1311 1247 seda
1329 1213 1490 1247 dolorem.
1518 1217 1622 1248 Antv.
1640 1216 1817 1259 Lacrymas
1834 1225 1956 1258 ponam
1970 1239 1980 1255 ,
1999 1217 2029 1249 ὅτ
2047 1218 2112 1249 mei

160 1275 285 1306 Ornata
302 1270 398 1309 vera,
416 1268 530 1309 fortis,
552 1269 672 1303 invicta
685 1291 694 1307 ‚
715 1265 832 1311 clypeo
1231 1263 1351 1296 Cordis
1365 1263 1516 1297 dolorem
1529 1287 1538 1303 ,
1560 1265 1660 1297 vidua
1679 1274 1752 1309 quae
1770 1271 1865 1297 tanto
1889 1265 1983 1298 Patre

161 1319 345 1356 Fidelitatis
368 1318 516 1354 hostibus
535 1317 586 1353 fui
605 1323 714 1354 timor.
1231 1311 1384 1357 Linquor
1406 1312 1557 1356 pupilla?
1583 1314 1685 1345 Mei-c.
1702 1315 1821 1346 Fateor
1835 1338 1844 1353 ‚
1864 1313 2020 1359 insignem
2038 1313 2161 1348 Virum
2172 1336 2184 1354 ,

161 1372 321 1407 Calvinus
342 1378 399 1402 aut
419 1369 588 1403 Lutherus
611 1369 748 1402 efferum
773 1371 811 1398 ut
835 1369 934 1408 caput
1233 1362 1430 1406 Patremque
1448 1363 1547 1396 Parca
1566 1365 1693 1405 rapuit3
1714 1371 1748 1396 at
1768 1363 1831 1396 tibi
1855 1372 1957 1396 novat
2163 1372 2168 1377 ·

161 1424 235 1457 Imo
253 1420 426 1454 trahebant
446 1426 570 1452 tartaro
582 1441 592 1457 ‚
611 1418 689 1450 fidei
708 1414 809 1459 aegide
1234 1410 1335 1444 Polus
1352 1409 1489 1444 salutem
1502 1435 1511 1451 ‚
1529 1411 1635 1445 Patris
1660 1413 1790 1445 Henrici
1811 1410 1890 1444 loco

161 1473 199 1506 Id
220 1469 431 1504 conterebam
444 1491 453 1508 ,
472 1466 653 1511 versipelles
674 1468 708 1498 in
728 1464 826 1496 fidem
1232 1458 1511 1502 Succeditalter,
1532 1459 1624 1503 cujus
1643 1462 1673 1492 ὅτ
1689 1459 1794 1494 virtus
1818 1460 1919 1494 micat
2016 1485 2019 1487 -

162 1520 310 1556 Ratione
330 1528 412 1551 vana
434 1521 530 1553 nixus
550 1526 588 1550 ut
610 1513 783 1561 quisquam
803 1511 908 1546 libros
1233 1512 1295 1545 Par
1313 1512 1343 1542 St
1363 1511 1509 1553 potestas.
1541 1512 1645 1543 Antv.
1664 1510 1836 1543 Nuntium
1859 1511 1879 1543 ὂ
1905 1507 2019 1544 laetum
2040 1511 2156 1546 nimis!

161 1570 309 1614 Sophista
321 1567 510 1611 jactitabat,
529 1569 637 1610 impiis
653 1562 750 1599 libris
1235 1561 1318 1594 Haec
1338 1569 1408 1591 vox
1427 1561 1532 1593 amica
1554 1557 1684 1591 somnio
1708 1561 1743 1592 in
1766 1560 1875 1593 nostro
1893 1556 1984 1599 fuit,

163 1619 258 1655 Fidei
278 1618 435 1656 eruebam
457 1615 582 1650 lumine
601 1614 758 1649 latentem
783 1608 920 1650 dolum,
1236 1610 1367 1643 Moestis
1393 1609 1523 1642 madere
1545 1607 1701 1651 lacrymis
1724 1616 1837 1642 vetans
1860 1619 1971 1654 genas.
2102 1645 2108 1651 ,

163 1668 347 1713 Solumque
366 1665 483 1700 Christi
504 1667 635 1712 Dogma
658 1661 879 1697 monstrabam
903 1662 969 1694 Dei
1236 1659 1297 1693 Sed
1318 1658 1430 1703 ecquis
1449 1656 1530 1691 ille?
1554 1659 1660 1690 Merc.
1682 1656 1804 1697 Filius,
1829 1659 1937 1704 Virgo
1957 1667 2044 1692 tuus.

165 1720 299 1752 Verum
320 1716 404 1756 effe3
423 1714 477 1749 sed
489 1715 555 1757 jam
574 1714 684 1759 (proh
703 1711 800 1747 dolor
816 1712 851 1751 l)
869 1710 966 1745 vidua
985 1718 1078 1755 patre
1238 1710 1343 1742 Antv.
1364 1708 1451 1749 Quid
1470 1705 1595 1740 audio?
1612 1717 1704 1741 meus
1727 1706 1842 1742 filius?
1867 1710 1972 1742 Merc.
1994 1706 2047 1741 Sic
2067 1706 2112 1739 est
2133 1718 2138 1739 :
2157 1713 2242 1741 tuus.

165 1768 320 1812 Linquor
340 1763 682 1811 pupilla·,spargitur‚
697 1764 809 1799 floret,
829 1764 918 1806 viget
1116 1781 1118 1783 >
1238 1756 1352 1791 Filius.
1378 1759 1484 1790 Antv.
1503 1757 1540 1789 In
1562 1761 1647 1791 imos
1668 1755 1827 1801 gaudium
1852 1758 1957 1791 tendit
1976 1758 2070 1790 finus.
2264 1747 2267 1749 ’

166 1816 328 1852 Doctrina
348 1815 480 1860 iniqua,
496 1812 690 1858 sophismata
712 1818 896 1858 augentur,
915 1808 1003 1843 sacra
1238 1807 1337 1849 Quod
1358 1815 1480 1840 nomen
1505 1804 1572 1844 illi,
1592 1807 1687 1848 stirpe
1701 1828 1711 1843 ‚
1730 1807 1784 1840 dic
1803 1817 1944 1851 quanam
1964 1803 2076 1840 satus?

167 1869 263 1903 Fides
275 1890 283 1905 ,
298 1865 386 1898 fideli
408 1871 542 1897 mortuo
566 1865 659 1898 Patre
672 1887 681 1902 ‚
699 1863 823 1895 occidit
1152 1853 1155 1856 ”
1239 1858 1344 1892 Mero.
1356 1855 1769 1902 THOMASJACOBUS‚
1780 1856 1876 1899 stirpe
1895 1854 2134 1888 WELLENA
2147 1850 2246 1885 satus,

168 1919 214 1952 Et
235 1914 318 1949 alma
340 1917 450 1957 pietas.
480 1914 585 1954 Quem
608 1913 720 1947 locum
743 1920 799 1945 aut
820 1918 939 1944 terram
960 1906 1103 1943 incolis?¹
1239 1904 1873 1952 Antv.THOMASJACOBUS‚stirpe
1883 1903 2122 1939 WELLENA
2133 1898 2251 1935 satus?

170 1965 243 2007 Qua
256 1988 266 2003 ‚
285 1962 424 2002 Praestri,
441 1963 520 1997 aura
537 1961 697 1996 vesceris?
724 1963 825 1996 domo
839 1985 848 2000 ‚
871 1960 1036 1998 arbitror=
1239 1958 1268 1989 O
1289 1964 1339 1990 ter
1363 1957 1492 1989 beatam
1505 1976 1514 1992 ‚
1537 1962 1652 1998 terque
1673 1950 1805 1986 felicem
1826 1953 1914 1987 diem
1929 1975 1938 1990 ‚
2043 1960 2044 1963 ’

170 2014 310 2050 Habitas
332 2011 492 2057 superna·‚
509 2010 638 2051 desere,
662 2012 701 2044 ah
722 2013 837 2046 Pater!
861 2008 998 2053 polum,
1241 2006 1314 2046 Qua
1335 2005 1512 2050 gratiorem
1535 2004 1615 2039 misit
1634 2001 1724 2036 haud
1744 2012 1902 2047 umquam
1924 1998 2050 2036 Polus!

171 2062 325 2109 Meisque
345 2062 508 2106 lacrymas
526 2060 646 2105 respice
671 2062 809 2095 fluentes
828 2062 943 2105 genis,
1243 2057 1334 2102 Ergo
1351 2054 1545 2101 jACOBUs
1565 2052 1670 2087 milies
1687 2059 1768 2084 voto
1790 2054 1821 2085 ὅτ
1844 2060 1939 2095 prece

173 2117 217 2148 Et
238 2110 459 2155 Philosophici
482 2114 663 2154 comprime
685 2120 722 2143 os
742 2118 872 2143 tumens
893 2106 997 2141 chori,
1244 2105 1452 2139 Delideratus
1467 2127 1477 2143 ,
1492 2103 1575 2137 laete
1599 2100 1743 2135 nutritus
1766 2110 1862 2139 me0,

176 2165 277 2198 Mens
301 2163 319 2195 ὃ
340 2164 411 2205 pia!
433 2160 501 2195 siles
523 2161 640 2194 muta?
662 2168 752 2193 tanta
770 2168 802 2193 te
824 2156 888 2191 mei
1245 2155 1353 2188 Datur
1375 2152 1507 2197 pupilla:
1531 2150 1665 2197 Virgini
1684 2151 1789 2184 Matri
1813 2151 1906 2183 Pater
1928 2150 1936 2184 !

175 2211 310 2246 Oblivio
331 2211 439 2254 capit?
459 2211 546 2244 itane
567 2209 627 2243 tibi
648 2220 728 2243 cura
745 2209 871 2242 excidit
1245 2206 1274 2237 O
1301 2202 1387 2237 Dive
1408 2202 1527 2235 Latos!
1546 2201 1646 2235 redde
1665 2200 1838 2243 participes
1857 2197 1940 2241 novi
1956 2222 1967 2238 ,

179 2263 276 2296 Mei?
295 2262 439 2294 vetustus
462 2264 550 2294 itane
569 2257 691 2294 fractus
712 2260 756 2292 est
777 2258 895 2291 amor?
1246 2255 1291 2289 Et
1310 2262 1358 2286 ter
1377 2253 1463 2286 beati
1484 2250 1607 2286 Nuntii
1627 2251 1743 2289 Cives,
1762 2248 1834 2282 leva

179 2314 310 2345 Tenues
328 2314 360 2343 in
381 2320 496 2349 auras,
516 2312 642 2347 anima,
662 2310 743 2342 vade
759 2331 768 2347 ‚
787 2318 871 2341 exue
889 2309 996 2353 gravis
1248 2303 1412 2338 Dolorem
1428 2325 1437 2342 ‚
1457 2311 1568 2335 amaro
1591 2300 1691 2334 corda
1711 2297 1768 2345 qui
1790 2297 1882 2332 laetu
1902 2296 2032 2340 premit.
2086 2316 2088 2318 v

182 2361 330 2406 Angusta
349 2358 456 2394 vincla
476 2363 646 2403 corporis,
663 2357 794 2404 vestigia

495 2429 670 2463 GENII
715 2427 937 2463 AMARE
988 2424 1270 2459 DEFLENT
1316 2420 1576 2455 MORTEM
1618 2418 1938 2452 PRAESULIS.

183 2500 291 2543 (Gen.
316 2499 370 2536 1.)
394 2497 483 2540 Ergo
504 2494 592 2529 fatali
613 2497 722 2528 Parem
741 2493 859 2538 rupere
882 2490 1033 2530 ferocem
1253 2491 1356 2534 (Gen.
1381 2491 1437 2529 2.)
1462 2485 1591 2519 Vitales
1613 2485 1706 2520 Atlas
1729 2484 1825 2519 citius
1847 2483 2004 2518 remeabit
2029 2487 2062 2518 in
2083 2493 2199 2522 auras,

238 2545 362 2579 Debita
378 2542 495 2578 servari
518 2545 642 2587 forcipe
662 2544 713 2578 tila
733 2543 861 2578 Patris?
1302 2540 1470 2581 Terraque
1491 2536 1652 2568 Davidem
1675 2539 1790 2580 gignet
1810 2536 1951 2573 Hebraea
1973 2544 2096 2567 novum
2115 2545 2124 2574 3

189 2601 219 2633 Ο
244 2595 333 2630 saevae
354 2596 512 2630 nimium!
535 2596 573 2626 sic
597 2596 722 2627 Patrem
746 2591 914 2627 absumitis
937 2589 1088 2625 almum?
1254 2588 1361 2631 Quam
1381 2588 1514 2620 videant
1536 2586 1638 2619 Urbis
1657 2583 1805 2631 lugentia
1826 2587 1946 2619 moenia
1968 2585 2103 2621 nostrae,

240 2645 292 2681 Sic
312 2648 429 2680 damna
451 2648 620 2680 ANvERSAE
638 2654 705 2676 non
727 2643 903 2686 reparanda
920 2642 1028 2675 datis?
1304 2635 1370 2678 Qui
1390 2637 1546 2675 damnum
1569 2644 1717 2678 reparet,
1740 2637 1970 2680 restituatque,
1997 2634 2129 2667 Virum⁴
