2414 3105
172 155 246 216 68
561 173 564 177 ’
889 139 1218 205 Exhortatio
1273 147 1501 206 Decima

162 267 219 288 gum
237 254 364 281 Sannum
379 259 386 279 z
408 259 519 286 quorum
539 237 697 283 remifisrfiis
713 253 829 282 peccam
841 264 849 278 ,
871 247 1045 273 remittuntur
1062 248 1113 274 eis.

203 294 242 323 Et
261 291 338 329 quali
362 289 488 318 necdum
510 286 653 316 sufficeret
675 284 801 322 aliquam
824 282 903 313 illius
927 282 1054 322 Spiritus
1076 292 1163 313 acce-

163 332 230 373 pisse
251 329 443 368 particulam,
464 327 562 356 sedere
580 325 658 365 ipsos
682 323 713 352 in
734 323 856 352 civitate
877 323 976 354 voluit
1001 322 1131 352 Christus
1152 342 1163 357 ,

164 375 259 401 donec
284 368 423 406 Ejusdem
446 366 574 405 Spiritus
597 363 781 404 plenitudine
798 362 1002 399 replerentur:
1025 362 1103 391 unde
1124 361 1163 391 il-

162 412 214 441 luti
229 429 237 444 ‚
258 408 339 445 quod
354 407 477 444 legimus
492 406 560 434 Αᾶ.
576 413 602 434 2.
621 407 662 433 Re
683 403 806 437 letificat
820 413 913 430 omues
926 402 1030 438 Spiritu
1044 403 1143 430 SanHo
1153 423 1162 436 ,

166 453 193 478 cr
211 457 346 485 coeperunt
369 449 466 484 loqui,
487 443 633 475 clarillime
653 441 788 482 profecte>
809 440 897 471 nobis
916 441 1071 478 fignificat,
1091 448 1163 470 tunc

163 488 280 518 demum
303 486 485 524 loquendum
508 483 648 514 Ministris
670 482 808 511 Eccleliae
822 503 830 515 ,
851 487 922 510 tunc
946 479 1062 509 demum
1078 487 1164 517 aptos

164 526 232 558 illos
250 525 302 555 effe
315 528 349 554 ad
363 525 564 555 inchoandum
579 520 773 553 Ministerium
785 540 794 555 ‚
808 518 959 559 postquam
973 517 1082 548 fuerint
1095 518 1165 558 Spi-

166 567 227 598 titu
249 565 358 595 Sanfito
381 564 484 603 repleti
510 563 538 593 δι
561 561 782 601 quodammodo
805 558 951 588 inebriati.

206 604 346 644 Quinimo
367 613 427 633 non
440 602 619 642 Apostolicis
633 600 742 631 tantum
756 598 837 628 Viris
850 599 898 628 sed
913 598 942 627 &
957 596 1077 635 reliquis
1092 596 1164 626 fide-

165 646 243 680 libus
261 643 386 683 Spiritus
405 644 457 674 llle
479 641 517 671 est
530 640 710 671 neeefl'arius.
736 639 869 676 Pugnare
887 637 963 667 enim
987 637 1090 667 contra
1105 638 1167 666 dae-

169 693 286 715 monem
312 683 341 712 &
369 691 484 712 carnem
499 691 557 712 non
580 679 714 719 possunt,
737 685 786 708 aut
806 677 1011 706 immaculatos
1025 675 1053 705 se
1068 675 1166 706 custo-

167 725 232 753 dire
251 724 266 751 a
287 722 386 752 saeculi
409 722 548 758 contagio
571 721 677 758 (quod
701 719 762 747 Lex
780 716 885 746 Christi
908 717 943 746 ab
967 716 1034 755 ipfis
1058 715 1168 754 exigit)

169 765 225 793 nisi
249 761 412 801 specialiter
435 761 550 790 Divino
577 758 726 797 adjutorio
751 756 859 787 fuerint
881 755 1053 795 praeventi;
1079 764 1168 794 atque

170 802 238 832 ideo
269 802 306 832 de
329 801 430 831 Novae
462 800 547 838 Legis
568 798 697 828 Ecclesia
722 806 774 836 per
803 797 966 835 Prophetas
989 793 1167 834 praedixerat

169 842 254 871 Deus
268 852 274 871 2
288 844 299 879 (
313 841 425 870 Ezech.
446 840 486 877 36
506 842 515 876 )
530 841 611 867 Dabo
623 840 700 867 vohis
721 849 767 866 cor
788 847 885 866 novum
898 856 910 870 ,
934 837 960 863 C«
973 838 1104 872 spiritum
1118 846 1168 863 ηο-

171 893 237 911 rum
253 892 359 920 ponam
382 884 411 908 in
432 882 519 908 medio
538 881 625 917 vestri.
658 876 698 906 Et
719 876 824 906 iterum
841 887 847 905 z
870 875 975 912 (Joel.
992 882 1016 902 2*
1032 876 1048 909 >
1064 875 1167 910 Effica-

171 925 236 951 dam
259 923 393 958 Spiritum
416 930 502 947 meum
513 921 597 956 super
617 928 722 945 omnem
741 927 856 945 carnem.
886 912 976 953 Quod
999 913 1117 952 quidem
1131 914 1166 942 ab

170 961 259 991 initio
279 959 415 990 Ecclelite
433 958 524 996 usque
541 957 577 985 ad
592 957 676 986 finem
695 955 870 985 saeculorum
889 963 941 993 per
960 953 1169 988 Sacramenta,

171 1001 298 1037 aliasque
313 999 419 1036 gratias
433 998 462 1027 in
477 998 621 1036 populum
637 996 749 1025 fidelem
762 994 865 1024 effusas
879 992 1095 1031 adimplebitur.

208 1042 386 1079 (Sacerdotes
401 1040 551 1076 plusquam
567 1037 663 1073 reliqui
683 1039 720 1064 iis
735 1038 871 1074 indigent.
886 1035 897 1070 )
919 1032 1045 1062 Cernitis
1061 1032 1170 1069 igitur,

172 1078 370 1112 Dileffiffimi,
397 1078 484 1115 quam
505 1075 691 1105 necessarium
713 1074 743 1103 [it
757 1097 765 1109 ,
786 1083 819 1103 ac
841 1073 951 1111 semper
974 1071 1083 1105 fuerit,
1101 1071 1171 1110 Spi-

174 1119 263 1148 ritum
281 1117 417 1147 sanetum
436 1117 592 1154 accipere,
613 1115 661 1143 sed
678 1113 745 1143 Hoc
767 1112 878 1152 Spiritu
893 1119 953 1151 prae
973 1110 1093 1149 reliquis
1107 1112 1171 1150 ple-

173 1167 229 1189 nos
253 1159 359 1186 debere
379 1156 447 1185 illos
472 1156 545 1188 ell'e,
567 1154 618 1192 qui
642 1155 677 1182 ad
701 1153 823 1182 Sacrum
851 1150 1046 1180 Ministerium
1070 1150 1097 1179 se
1120 1159 1171 1179 ac-

173 1197 305 1234 cingunt.
335 1195 474 1225 Mensura
497 1193 573 1222 enim
588 1194 747 1222 Donorum
761 1192 936 1230 respondere
959 1191 1045 1219 debet
1059 1188 1171 1219 Officiis

172 1236 232 1266 illis
246 1257 256 1272 ,
273 1235 378 1275 quibus
398 1234 463 1265 sunt
476 1232 615 1263 honorati
630 1242 638 1265 ς
660 1232 755 1261 media
772 1229 998 1270 proportionata
1019 1228 1069 1258 lint
1083 1237 1173 1267 oper-

175 1283 218 1306 tet
240 1277 275 1305 ad
299 1277 383 1304 finem
402 1284 411 1307 ;
434 1273 607 1302 Sacerdotes
623 1272 694 1310 ,qui
715 1272 746 1299 in
759 1269 924 1306 Evangelio
944 1276 1091 1298 vocantur
1107 1271 1174 1296 Lare

177 1319 272 1345 nitendi
285 1335 295 1349 ,
315 1313 418 1351 majori
441 1314 548 1341 debent
572 1311 703 1341 claritate
728 1309 842 1347 fulgere
855 1329 864 1344 ,
884 1310 969 1346 quam
990 1307 1040 1336 alii
1056 1308 1175 1342 fideles,

177 1365 254 1394 quos
276 1354 450 1383 illuminant.
483 1351 558 1380 Cum
584 1351 688 1380 eodem
710 1349 781 1378 vitae
804 1349 924 1381 ordine,
940 1356 1000 1385 quo
1019 1347 1132 1376 salvum
1147 1347 1175 1376 se

174 1395 248 1424 facit
270 1394 363 1423 laicus
377 1415 384 1427 ‚
409 1393 443 1421 ad
469 1390 615 1421 infernum
643 1390 817 1419 descendere
838 1387 931 1427 potest
942 1387 1107 1416 Sacerdos:
1123 1395 1176 1415 ne-

176 1434 249 1464 cell'e
264 1434 300 1463 est
314 1432 390 1462 enim
404 1441 435 1460 ut
446 1432 507 1468 ejus
521 1429 581 1459 vita
591 1429 763 1467 praefulgeat
776 1428 805 1457 in
819 1436 909 1465 opere
920 1449 929 1461 ,
944 1426 995 1464 qui
1009 1426 1082 1455 alios
1094 1433 1176 1454 ante-

178 1474 259 1504 cellit
279 1473 309 1502 iu
335 1471 487 1507 dignitate.
513 1470 582 1499 Plus
603 1468 675 1497 scire
700 1475 814 1498 tenetur
835 1467 906 1495 Dux
930 1465 1075 1495 exercitus
1090 1466 1177 1503 quam

178 1513 262 1543 miles
297 1510 467 1549 gregarius:
489 1510 555 1548 plus
580 1508 628 1538 ilie
662 1508 713 1546 qui
738 1508 848 1542 docet,
870 1506 957 1544 quam
980 1505 1033 1544 qui
1057 1503 1179 1535 docenti

180 1561 266 1582 aures
303 1551 426 1589 praebet.

220 1595 231 1628 (
248 1594 454 1619 Enumerantur
469 1590 623 1617 Caraneres
645 1587 725 1614 illius
745 1586 867 1622 Spiritus
887 1596 938 1623 quo
958 1586 1052 1612 dehent
1074 1585 1124 1621 effe
1137 1589 1189 1611 rie-¹

175 1632 257 1670 pleri.
271 1632 286 1665 >
306 1629 388 1658 Solet
407 1636 502 1657 autem
517 1627 598 1655 Deus
614 1625 643 1654 in
656 1625 813 1662 gratiarum
826 1624 950 1654 Suarum
968 1622 1180 1662 dispensatione

181 1669 319 1708 quasdam
346 1666 431 1698 donis
451 1667 519 1696 Suis
541 1665 691 1704 qualitates
716 1665 867 1693 annessere
883 1684 892 1699 ,
913 1671 980 1702 quae
1001 1661 1181 1699 lingulariter

181 1708 366 1741 inserviunt,
391 1715 425 1735 ut
445 1707 535 1735 homo
557 1706 593 1734 ad
619 1704 770 1742 specialem
790 1703 873 1733 illum
897 1705 982 1732 finem
1005 1701 1157 1740 perveniat
1172 1720 1182 1734 ‚

182 1749 220 1778 ad
243 1756 328 1786 quem
347 1747 364 1775 a
383 1745 527 1784 Supremo
550 1744 683 1775 Numine
706 1742 870 1772 destinatur.
899 1743 939 1772 Et
962 1741 1103 1781 quoniam
1118 1740 1183 1769 aliae

182 1788 247 1818 sunt
283 1787 429 1820 virtutes,
447 1794 513 1822 quze
541 1783 725 1813 conveniunt
753 1782 867 1811 homini
898 1782 928 1811 in
948 1781 1105 1811 solitudine
1135 1779 1183 1810 vi·

184 1826 268 1856 venti
285 1836 292 1856 ς
317 1825 382 1854 aliae
403 1833 469 1862 qus-e
487 1825 516 1853 in
537 1823 630 1852 divite
643 1842 651 1857 ,
665 1822 730 1851 aliae
746 1830 810 1859 quae
831 1822 859 1849 in
880 1828 1010 1860 paupere
1024 1820 1182 1858 requirun-

186 1874 234 1896 tur
245 1886 254 1900 ,
270 1865 299 1895 δι
314 1871 347 1893 nc
365 1865 400 1892 de
414 1864 528 1900 lingulis
551 1862 703 1892 hominum
724 1860 841 1890 statibus
858 1871 865 1893 ς
888 1861 956 1889 hinc
971 1859 1089 1897 quoque
1106 1860 1183 1890 dona

183 1905 235 1935 illa
251 1925 258 1939 ‚
271 1913 336 1942 quzc
358 1903 499 1932 Miniliris
520 1902 617 1932 Sacris
632 1900 795 1935 distribuit,
816 1900 953 1938 speciales
978 1899 1118 1936 quosdam
1134 1909 1184 1928 ca-

187 1946 311 1975 racleres
333 1943 438 1971 habent
454 1963 462 1977 ,
486 1941 617 1979 ipsorum
636 1939 733 1970 statui
758 1948 908 1978 congruos
921 1961 929 1974 ‚
950 1938 978 1967 ἃ
997 1938 1184 1976 Evangelico

187 1982 352 2014 ministerio
380 1981 631 2011 accommodatos.
1071 1984 1075 1988 ·

227 2023 377 2061 Quoniam
402 2028 499 2050 autem
520 2019 593 2048 nihil
617 2021 706 2057 magis
732 2017 918 2049 necessarium
941 2015 978 2046 est
997 2015 1162 2054 unicuique
1178 2037 1188 2052 ,

188 2064 276 2102 quam
296 2070 342 2090 eas
368 2059 520 2098 acquirere
546 2067 671 2088 virtutes
687 2079 696 2094 ,
716 2068 836 2098 eamque
856 2057 1014 2087 sanCtitatis
1039 2056 1163 2085 formam
1179 2076 1189 2091 ,

189 2111 277 2140 quam
297 2100 411 2130 ratione
433 2099 540 2132 status,
562 2100 590 2127 in
615 2107 675 2135 quo
699 2098 851 2131 versatur,
873 2096 954 2126 Deus
975 2097 1011 2124 ab
1035 2095 1100 2134 ipso
1124 2095 1188 2134 spe-

191 2141 304 2172 cialiter
326 2139 414 2174 exigit
427 2159 436 2172 ,
457 2138 525 2168 hinc
548 2145 647 2176 operae
668 2137 794 2175 pretium
815 2136 869 2166 erit
890 2136 1029 2173 tantisper
1048 2136 1095 2165 hic
1121 2143 1190 2172 per-

192 2182 318 2221 pcnlcre
328 2199 336 2213 ‚
352 2179 469 2215 quinam
482 2178 532 2206 lint
546 2177 690 2215 praecipui
705 2178 863 2206 caraileres
876 2176 956 2204 illius
970 2174 1088 2212 gratiae,
1102 2182 1189 2212 quam

192 2219 318 2258 Spiritus
341 2217 464 2246 santius
489 2216 629 2246 Ministris
649 2215 837 2253 Evangelicis
857 2215 1004 2251 elargitur.

236 2259 336 2295 Atque
353 2256 485 2296 inprimis
507 2256 623 2295 spiritus
642 2255 690 2285 ille
710 2256 863 2286 pastoralis
883 2253 981 2283 Status
995 2274 1003 2288 ,
1027 2252 1077 2291 qui
1098 2252 1191 2282 Sanc-

196 2306 244 2330 tos
266 2297 414 2327 lilinillros
438 2296 565 2325 animare
593 2296 699 2330 debet,
720 2295 838 2334 prorsus
862 2295 939 2324 idem
964 2293 1001 2322 est
1021 2302 1087 2322 cum
1113 2291 1165 2323 illo
1180 2315 1189 2327 ‚

197 2346 284 2376 quem
307 2337 389 2365 Pater
418 2335 560 2364 AEternus
590 2335 619 2364 in
644 2335 723 2364 Filio
752 2334 814 2364 Suo
843 2333 1015 2365 suscitavit;
1041 2331 1071 2361 &
1102 2341 1189 2368 quem

196 2376 324 2408 Christus
346 2375 407 2414 Ipse
437 2376 526 2403 Lucae
547 2383 574 2411 4.
599 2374 759 2404 describit:
780 2377 898 2412 Spiritus
917 2375 1052 2406 Domini,
1069 2371 1165 2408 inquit
1181 2394 1190 2407 ‚

192 2420 274 2455 chper
287 2427 324 2442 me
341 2426 348 2443 .·
365 2426 473 2451 propser
485 2418 557 2451 quod
574 2419 656 2445 unxit
671 2426 728 2449 me,
740 2416 924 2452 evangeligare
938 2414 1107 2450 pauperibus
1122 2415 1192 2450 mifiae

199 2469 240 2486 me
254 2478 262 2490 ,
276 2459 374 2490 >firmare
393 2458 522 2482 ‹oncri-os
544 2457 629 2483 fords.
657 2453 715 2483 Hic
729 2454 806 2483 idem
820 2453 945 2492 Spiritus
958 2472 967 2486 ,
987 2452 1105 2490 inquam
1121 2474 1129 2486 ,
1141 2459 1192 2490 per

199 2497 318 2527 Sacram
336 2493 556 2524 Ordinationem
571 2493 656 2531 digne
672 2493 848 2532 susceptam,
860 2493 889 2522 in
906 2492 1081 2521 Sacerdotes
1097 2492 1193 2521 effun-

201 2535 293 2565 ditur.
319 2533 350 2563 Si
370 2533 466 2569 itaque
488 2534 682 2571 proprietates
703 2533 773 2571 Ejus
794 2533 919 2563 velimus
941 2530 1139 2567 cognoscere,
1161 2539 1193 2560 ac

201 2574 304 2613 justam
331 2572 411 2602 lilius
437 2572 466 2600 in
491 2573 575 2601 nobis
600 2574 693 2602 ideam
714 2573 882 2606 efformare,
908 2572 1027 2606 figamus
1051 2570 1196 2607 paulisper

203 2615 312 2645 oculos
333 2612 362 2640 in
386 2611 539 2649 Exemplar
563 2611 636 2641 istud
659 2612 778 2641 sublime
801 2612 881 2650 quod
903 2608 988 2638 nobis
1014 2611 1112 2638 datum
1141 2609 1197 2644 est,

201 2661 237 2723 ἓῑ
266 2653 417 2720 vgleagius
439 2652 610 2689 quibusnam
631 2651 758 2692 Spiritus
785 2652 834 2683 ille
863 2651 893 2680 iu
916 2648 1029 2681 Christo
1058 2649 1198 2679 effulserit

232 2700 280 2722 ara
313 2699 354 2720 cri
376 2699 420 2720 us.

1272 243 1335 273 Vix
1360 243 1499 275 Salvator
1524 243 1735 275 duodecimum
1763 243 1859 274 {etatis
1881 250 1989 273 annum
2012 243 2148 280 attigerat
2169 251 2179 276 ς
2205 243 2239 275 Ge

1232 291 1304 327 ecce
1324 283 1413 313 statim
1427 305 1436 319 ‚
1458 285 1587 322 neglecta
1611 286 1768 315 Parentum
1795 285 1830 313 de
1856 283 1925 321 Ipso
1950 281 2171 318 sollicitudine.
2189 281 2239 314 1⁹11-

1233 330 1353 366 vuenitur
1378 324 1410 353 in
1431 323 1578 364 Templo,
1601 321 1723 355 audiens
1743 323 1773 353 &
1802 323 1987 359 interrogans
2008 321 2158 351 Dociores
2178 322 2239 351 Le-

1231 369 1296 398 gis,
1318 371 1352 406 auc
1374 362 1494 392 delicias
1516 363 1593 403 Suas
1609 372 1755 401 reponens
1776 362 1806 391 in
1828 361 1903 391 locis
1928 360 2007 391 Patri
2026 361 2091 391 Suo
2117 360 2236 391 sacratis

1233 401 1352 431 versari.
1384 401 1502 431 Deinde
1518 402 1549 431 in
1572 403 1710 432 omnibus
1732 401 1900 432 actionibus
1917 409 1976 431 non
2001 400 2151 438 propriam
2163 420 2172 435 ‚
2187 399 2250 429 sert*

1231 440 1314 470 Illius
1336 440 1444 475 unice,
1458 442 1473 469 a
1488 451 1549 478 quo
1570 441 1665 471 missus
1681 449 1742 471 erat
1754 464 1763 476 ‚
1785 440 1908 478 gloriam
1922 439 2066 478 qutefivit.
2090 438 2238 469 Triennio

1231 480 1285 509 illo
1304 499 1314 514 ,
1345 490 1407 517 quo
1435 481 1611 518 praedicavit
1636 480 1832 519 Evangelium
1849 501 1859 515 ,
1891 481 1967 509 diem
1993 478 2176 509 instruffioni
2207 478 2238 508 δι

1232 521 1389 557 exemplo,
1407 520 1524 549 noetem
1547 519 1618 549 vero
1641 519 1886 559 contemplationi
1909 528 1943 548 ac
1963 517 2092 549 orationi
2117 518 2242 548 conces-

1233 558 1274 587 fit.
1307 559 1354 588 Ex
1379 568 1436 587 una
1458 565 1540 597 parte
1565 559 1764 589 misericordia
1779 558 1998 598 plenus,malis
2022 557 2150 596 proximi
2165 566 2241 587 con-

1234 598 1337 632 dolet,
1356 598 1479 627 afflictos
1499 598 1628 633 solatur,
1641 608 1674 628 ac
1694 599 1883 637 pertransiens
1906 599 2015 636 plateas
2036 597 2067 627 δι
2091 597 2177 626 uicos
2190 605 2238 626 re-

1231 636 1340 675 linquit
1369 637 1480 675 ubique
1507 637 1697 675 benignitatis
1725 637 1793 666 Suae
1820 637 1960 675 vestigia:
1986 645 2020 665 ex
2048 637 2139 666 altera
2165 635 2238 665 verb

1233 684 1316 714 parte
1331 697 1340 711 ,
1360 677 1427 706 zelo
1451 675 1530 713 justo
1551 676 1686 706 incensus
1701 697 1710 712 ,
1731 677 1876 707 honorem
1904 676 1962 706 Dei
1986 675 2143 711 vindicat,
2168 675 2198 706 δε
2222 674 2239 704 ὲ

1235 715 1337 745 Domo
1356 715 1450 745 Patris
1464 715 1518 745 Sui
1541 715 1747 754 profanatores
1769 715 1894 754 ejtisdem
1912 725 1980 745 cum
1998 714 2082 752 gravi
2103 714 2241 754 increpa-

1234 754 1318 799 tione
1343 754 1485 793 expellit:
1509 764 1542 784 ac
1568 755 1695 793 denique
1717 764 1772 793 pro
1799 755 1921 792 ingratis
1946 754 2071 784 moritur
2086 774 2095 789 ‚
2121 754 2152 784 &
2183 763 2239 792 pro

1235 793 1353 823 Ovibus
1383 793 1523 823 Animam
1547 794 1644 832 ponit.
1680 796 1713 824 In
1740 793 1784 823 his
1809 793 1838 823 δι
1862 794 1926 823 aliis
1948 793 2108 823 innumeris
2135 792 2244 824 Christi

1233 832 1317 864 factis
1330 853 1339 867 ,
1359 834 1425 872 quis
1450 833 1487 863 est
1507 834 1559 872 qui
1580 842 1641 863 non
1667 834 1804 870 agnoscat
1825 832 1967 870 Spiritum
1991 832 2074 862 illum
2097 832 2239 870 Evange-

1235 872 1345 907 licum,
1364 872 1417 911 qui
1436 873 1562 904 animare
1578 874 1665 904 debet
1685 871 1837 904 Ministros
1857 872 1994 901 Eccleliae
2006 874 2020 898 ?
2041 870 2114 910 Quis
2136 871 2174 901 est
2188 869 2241 909 qui

1235 920 1297 942 nou
1320 913 1457 950 agnoscat
1476 914 1645 952 praecipuos
1667 914 1751 944 Illius
1772 910 1900 952 Spiritu⁵
1922 910 2089 941 Caraeteres
2104 913 2118 937 ?

1278 951 1392 981 Primus
1412 952 1512 991 itaque
1533 954 1632 983 Status
1652 953 1748 983 Vestri
1768 953 1903 982 Caraeter
1918 950 1955 981 est
1968 971 1978 986 ,
1998 948 2196 982 Dileet'iffimi,
2210 954 2244 978 ut

1238 999 1337 1021 amore
1350 993 1507 1022 tenerrimo
1522 993 1618 1022 Deum
1641 993 1725 1032 super
1748 991 1846 1023 omnia
1869 991 2023 1028 diligentes
2040 991 2075 1020 de
2093 989 2154 1020 sola
2170 987 2246 1026 Ejus

1237 1030 1344 1075 Gloria
1359 1031 1414 1061 litis
1428 1032 1556 1062 solliciti.
1582 1033 1683 1070 Atque
1697 1032 1765 1063 ideo
1784 1041 1873 1062 verus
1887 1030 1992 1061 Christi
2006 1030 2139 1060 Minister
2156 1029 2245 1059 nullis

1237 1079 1335 1109 parcit
1353 1071 1525 1106 laboribus,
1550 1072 1638 1101 nullis
1659 1072 1880 1102 difficultatibus
1902 1072 2088 1104 deterretur;
2109 1069 2181 1099 nihil
2203 1068 2242 1098 est

1239 1111 1321 1147 quod
1343 1120 1402 1140 non
1424 1111 1569 1150 suscipere
1591 1111 1664 1141 velit
1688 1112 1717 1142 δι
1742 1111 1867 1151 exequi,
1889 1119 1920 1140 ut
1944 1111 2066 1140 Cultum
2096 1108 2243 1144 Dei,Sa-

1238 1150 1388 1193 lutemque
1412 1150 1586 1181 Animarum
1607 1158 1795 1190 promoveat.
1830 1151 1942 1181 Totum
1967 1150 1994 1179 se
2018 1149 2169 1179 consecrat
2195 1149 2244 1178 lu-

1241 1189 1358 1233 crandis
1379 1189 1436 1218 illis
1452 1210 1461 1224 ‚
1484 1200 1559 1228 quos
1582 1199 1660 1220 curte
1682 1191 1752 1220 Sum
1781 1191 1868 1220 habet
1889 1189 2081 1220 concreditos
2099 1199 2107 1222 ;
2131 1189 2243 1220 solatur

1240 1229 1372 1257 infirmos
1390 1239 1396 1261 ;
1417 1230 1502 1266 erigit
1522 1229 1618 1268 lapsos
1635 1241 1643 1261 ;
1660 1232 1814 1260 confirmat
1829 1230 1944 1261 Justos:
1961 1228 2018 1258 line
2032 1229 2094 1258 ullo
2115 1227 2247 1266 respectu

1241 1267 1372 1311 humano
1395 1268 1515 1305 insurgit
1529 1268 1558 1298 in
1582 1269 1652 1298 vitia
1666 1279 1674 1301 ς
1689 1269 1859 1308 importune
1882 1278 1915 1297 ac
1937 1267 2108 1307 opportune
2130 1266 2226 1304 arguit
2240 1285 2251 1301 ‚

1241 1307 1374 1350 oblecrat
1387 1327 1395 1342 ‚
1413 1307 1545 1346 increpat
1563 1319 1570 1341 ς
1596 1309 1654 1338 hoc
1675 1309 1768 1338 solum
1791 1317 1852 1347 prae
1871 1308 1966 1338 oculis
1991 1308 2101 1336 habens
2114 1329 2123 1342 ‚
2136 1314 2169 1336 ut
2184 1305 2250 1335 Mi·

1240 1345 1387 1390 nisterium
1402 1348 1484 1376 suum
1509 1348 1633 1378 fideliter
1657 1348 1821 1387 adimpleat.
1851 1347 1919 1377 Nec
1942 1346 2100 1385 quidquam
2125 1353 2248 1375 contra-

1244 1386 1425 1415 diehonibus
1449 1395 1612 1420 movetur;
1636 1387 1683 1416 sed
1707 1396 1775 1417 cum
1800 1387 1894 1417 Paulo
1920 1388 2081 1416 exclamat:
2103 1386 2165 1423 (II.
2177 1384 2251 1414 Cor.

1247 1427 1319 1461 12.)
1339 1428 1525 1464 Libetttiffime’
1547 1430 1702 1464 impendam
1716 1448 1724 1461 ,
1749 1429 1776 1455 Cr
1796 1429 2024 1464 superimpendar
2044 1427 2098 1462 ἱρῇ
2118 1436 2169 1462 pro
2185 1427 2250 1452 ani-

1244 1467 1339 1493 mabus
1355 1467 1460 1504 Vestris
1474 1477 1482 1492 .·
1501 1468 1565 1494 lit-&z
1580 1468 1650 1503 plris
1670 1468 1732 1494 Vos
1749 1469 1869 1505 diligens
1885 1485 1894 1499 ‚
1915 1467 2008 1494 mincis
2031 1467 2134 1502 diligar
2148 1474 2154 1493 :
2170 1463 2251 1491 nulla

1243 1505 1322 1547 apud
1347 1504 1441 1547 ipsum
1463 1504 1608 1535 distinato
1628 1504 1726 1536 Judaei
1751 1505 1779 1534 δι
1802 1504 1923 1540 Graeei,
1949 1503 2087 1542 pauperis
2114 1502 2143 1531 δι
2169 1501 2250 1531 divi·

1244 1550 1303 1572 tis:
1327 1550 1413 1572 nov-it
1438 1543 1535 1577 enim,
1559 1545 1587 1573 se
1614 1544 1750 1574 omnibus
1775 1545 1937 1574 debitorem
1956 1553 1964 1575 ς
1982 1552 2035 1572 nec
2062 1542 2092 1571 in
2118 1540 2252 1570 homini-

1245 1583 1303 1611 bus
1326 1581 1480 1616 homines,
1500 1583 1558 1623 seii
1571 1583 1668 1613 Deum
1688 1583 1813 1621 quaerit,
1830 1583 1859 1613 &
1877 1582 2043 1614 Christum,
2067 1582 2158 1620 Cujus
2177 1581 2254 1610 San-

1250 1622 1339 1659 guine
1363 1630 1465 1650 omnes
1484 1623 1519 1651 ad
1543 1631 1634 1652 unum
1657 1623 1747 1660 usquc
1771 1622 1894 1652 redemti
1913 1622 1988 1652 sunt.

1291 1661 1377 1705 Alter
1401 1659 1554 1691 Pastoralis
1578 1662 1707 1700 Spiritus
1726 1663 1860 1692 Cai-aaer
1872 1661 1902 1690 in
1921 1671 1958 1691 eo
1979 1661 2045 1690 litus
2064 1659 2121 1694 est,
2141 1666 2173 1688 ut
2188 1657 2256 1696 quis

1249 1700 1382 1738 inprimis
1397 1701 1426 1728 in
1443 1700 1647 1730 easincumbat
1661 1702 1796 1735 virtutes,
1812 1710 1860 1730 eas
1874 1708 1949 1730 amet
1966 1709 2028 1739 prae
2045 1697 2178 1736 reliquis,
2190 1704 2258 1735 quae

1251 1739 1347 1783 Statui
1362 1739 1414 1769 suo
1429 1738 1493 1768 sunt
1505 1740 1636 1779 propriae
1648 1761 1658 1775 ,
1681 1739 1710 1770 δε
1725 1750 1790 1779 quae
1805 1740 2023 1770 sacerdotalem
2038 1739 2160 1775 gradum
2173 1746 2258 1775 egre-

1251 1778 1299 1816 gie
1326 1777 1518 1810 collustratum
1547 1787 1635 1817 atque
1655 1779 1722 1809 ideo
1745 1780 1801 1809 hoc
1827 1779 1940 1817 Spiritu
1961 1777 2105 1817 praeditus
2124 1784 2258 1814 magnam

1251 1824 1317 1846 ante
1339 1818 1438 1861 omnia
1454 1817 1592 1847 castitatis
1615 1829 1647 1848 ac
1661 1819 1796 1858 puritatis
1815 1828 1914 1849 curam
1931 1820 2018 1848 habet
2032 1829 2037 1848 :
2053 1815 2261 1850 meditationi,

1253 1865 1287 1886 ac
1311 1865 1440 1899 orationi
1468 1867 1520 1895 per
1541 1867 1626 1895 quam
1650 1859 1727 1887 bona
1750 1859 1866 1896 quaevis
1888 1859 2104 1897 impetrantur,
2125 1854 2259 1895 speciali-

1253 1903 1297 1925 ter
1310 1896 1442 1925 add16lus
1459 1897 1495 1925 est
1511 1908 1518 1924 .·
1533 1897 1657 1926 studium
1679 1907 1712 1927 ac
1732 1898 1850 1928 labores
1869 1898 1967 1927 sacros
1991 1896 2110 1926 delicias
2134 1896 2199 1925 suas
2212 1902 2261 1924 re-

1254 1943 1361 1973 putat:
1386 1935 1415 1964 &
1435 1935 1574 1973 quoniam
1598 1937 1625 1965 se
1645 1937 1674 1967 in
1699 1936 1823 1967 formam
1847 1936 1942 1974 gregis
1965 1946 1997 1965 ac
2017 1945 2133 1965 morum
2161 1942 2262 1963 exem-

1253 1975 1316 2012 plar
1334 1975 1523 2004 constitutum
1546 1975 1631 2005 novit
1646 1996 1656 2011 ,
1668 1976 1702 2005 lic
1728 1976 1826 2014 dirigit
1850 1985 1952 2006 omnes
1972 1976 2103 2005 affiones
2121 1975 2183 2004 suas
2198 1994 2207 2007 ‚
2225 1980 2260 2003 ut

1254 2021 1377 2057 externo
1404 2014 1523 2049 habitu,
1536 2015 1762 2044 conversatione
1775 2035 1785 2049 ,
1808 2015 1867 2044 imo
1886 2016 1949 2054 ipso
1969 2015 2021 2043 suo
2045 2015 2157 2043 silentio
2170 2013 2258 2042 Illum

1255 2061 1409 2082 annuntiet
1423 2053 1519 2082 Deum
1532 2076 1541 2088 ‚
1554 2055 1638 2091 cujus
1652 2054 1784 2084 Minister
1799 2054 1836 2084 est
1846 2075 1855 2089 ,
1874 2055 1903 2083 ὅτ.
1917 2052 2022 2082 Christi
2043 2052 2161 2081 Bonum
2175 2052 2261 2080 Odo-

1257 2100 1318 2121 rem
1337 2093 1366 2121 in
1382 2094 1462 2121 omni
1481 2094 1553 2122 loco
1568 2094 1710 2131 dispergat
1727 2105 1735 2125 ς
1759 2094 1832 2123 adeo
1855 2102 1886 2123 ut
1909 2093 2043 2130 exemplo
2067 2094 2159 2128 magis
2174 2090 2260 2128 qu'am

1259 2133 1354 2161 verbo
1381 2131 1521 2161 inclamet
1549 2132 1707 2169 fidelibus,
1725 2134 1774 2173 (Ι.
1790 2134 1860 2164 Cor.
1876 2134 1926 2170 4.)
1946 2135 2103 2161 Imitatores
2125 2134 2174 2160 mei
2197 2133 2266 2169 csto-

1259 2182 1306 2205 ιε,
1321 2173 1391 2209 ficut
1417 2173 1444 2199 Cr
1469 2183 1517 2210 ego
1538 2175 1639 2210 Christi.

1292 2209 1408 2243 Tertio,
1417 2219 1502 2247 quern
1515 2220 1602 2240 verus
1615 2211 1811 2241 Sacerdotalis
1825 2209 1953 2248 Spiritus
1966 2210 2074 2239 animat
2088 2208 2137 2237 ille
2149 2208 2265 2238 Statum

1259 2249 1344 2279 suum
1371 2250 1497 2278 maximo
1513 2251 1599 2280 habet
1613 2251 1642 2280 in
1655 2251 1762 2290 pretio.
1788 2250 1854 2280 Nec
1867 2249 1943 2279 enim
1958 2270 1966 2284 ,
1987 2248 2019 2277 ut
2032 2249 2115 2277 multi
2130 2247 2208 2276 laciu
2219 2255 2270 2282 nt,

1262 2288 1440 2332 Clericatum
1467 2289 1584 2327 respicit
1612 2290 1733 2319 adinstar
1749 2289 1817 2318 vilis
1831 2288 1955 2327 alicujus
1969 2287 2040 2319 artis
2061 2287 2241 2318 mechanicae
2256 2307 2274 2322 ‚.

1262 2330 1321 2367 qua
1348 2328 1457 2356 Vidium
1483 2329 1532 2357 fibi
1556 2329 1584 2357 ἃ
1607 2330 1743 2358 amictum
1762 2337 1811 2358 aut
1834 2329 2006 2366 temporalia
2028 2328 2161 2366 qutedam
2181 2334 2268 2355 com·

1260 2369 1348 2397 moda
1370 2367 1452 2405 ponit
1474 2367 1625 2406 acquirere
1639 2370 1686 2398 sed
1707 2368 1914 2397 sublimitatem
1934 2367 2089 2397 Ministerii
2111 2365 2194 2395 Sacri
2218 2366 2266 2396 in·

1259 2407 1330 2436 time
1351 2408 1534 2444 perpendens
1549 2427 1558 2441 ‚
1580 2408 1748 2445 dignitatem
1771 2408 1870 2442 illam,
1893 2409 1927 2435 ad
1951 2416 2039 2446 quam
2055 2413 2180 2436 vocatus
2204 2404 2266 2440 est,

1262 2447 1399 2478 omnibus
1412 2447 1510 2476 saeculi
1532 2447 1697 2476 honoribus
1712 2467 1722 2482 ,
1741 2447 1800 2476 imo
1824 2446 1954 2485 Sceptris
1974 2446 2039 2485 iplis
2060 2445 2162 2482 Regiis
2175 2444 2264 2482 longe

1261 2485 1426 2524 anteponit.
1452 2486 1607 2516 Difficilem
1621 2486 1739 2524 quidem
1755 2496 1787 2515 ac
1808 2486 1983 2515 laboriosam
2004 2485 2090 2515 novit
2114 2484 2167 2514 elle
2187 2485 2263 2513 hanc

1264 2528 1434 2564 dignitatem
1460 2536 1467 2558 ;
1496 2526 1542 2555 sed
1567 2526 1647 2555 snnul
1669 2526 1832 2555 conliderat
1856 2526 1942 2562 quam
1963 2525 2079 2555 illustris
2099 2524 2152 2557 fit,
2175 2524 2262 2561 qu'am

1264 2566 1376 2596 excelsa
1392 2576 1398 2594 :
1414 2573 1502 2603 atque
1522 2564 1590 2594 ideo
1608 2574 1765 2602 numquam
1789 2566 1824 2593 de
1844 2564 1927 2594 Statu
1949 2566 2002 2594 suo
2025 2565 2081 2594 nisi
2097 2572 2164 2593 cum
2181 2570 2268 2591 reve-

1265 2605 1358 2635 rentia
1378 2605 1510 2642 loquitur
1533 2615 1542 2638 ς
1569 2603 1749 2634 FunCtiones
1774 2604 1978 2634 sacerdotales
2001 2612 2076 2633 amat
2103 2613 2110 2633 ς
2139 2611 2209 2636 eas,
2233 2601 2266 2630 ut

1266 2647 1370 2680 decet.
1394 2645 1483 2674 studet
1506 2644 1668 2682 peregdreg
1688 2644 1795 2673 honori
1816 2644 1865 2673 fibi
1886 2645 1967 2673 ducit
1990 2645 2039 2672 vel
2062 2640 2183 2671 minimo
2199 2640 2266 2673 ,Sa-

1267 2694 1386 2716 crorum
1407 2685 1551 2716 Ordinum
1563 2683 1668 2714 Officio
1693 2683 1814 2722 defungi
1830 2693 1838 2718 ς
1857 2683 2051 2723 Templorum
2073 2691 2106 2712 ac
2121 2681 2267 2709 Altrrium

2132 2727 2269 2750 ornatum
