2414 3105
190 134 231 199 4
562 147 567 152 -ν
656 104 980 190 Algenteyne
1015 98 1404 188 Verzamelinge
1439 100 1530 163 der
1565 48 1816 162 W’erlc'env

1495 242 1647 248 --——
2137 212 2147 231 (
2200 220 2224 276 ξ).

192 321 361 355 Praenobili
374 342 384 359 ‚
419 316 614 360 Ornaztffimo
646 314 878 357 Doffijfflmoque
908 313 1061 347 Domino,
1095 310 1231 343 Domino
1248 308 1434 353 JACOBO
1459 306 1651 340 THOMAE
1675 306 1888 351 JOSEPHO
1911 307 1961 339 W
1959 306 2148 340 ELLENS
2153 327 2163 344 ‚
2176 307 2264 337 Ant-

243 369 395 415 verpienfi
404 390 414 407 ‚
436 367 622 400 celeberrimi
636 363 818 408 Paedagogil
839 359 1080 395 FALCONIS
1095 359 1278 403 Plu'lqsoplzo
1298 358 1418 390 emerito
1431 379 1441 394 ‚
1464 360 1495 389 1'n
1516 355 1683 399 Gynrnafio
1696 355 1753 387 SS.
1766 357 1934 389 Trinitatis
1963 367 2059 402 nuper
2080 355 2204 389 alumno
2229 356 2262 386 in

231 420 361 462 fhlemni
374 426 504 463 quatuor
524 415 779 457 Paedagogiorum
793 413 943 445 concursu
957 410 1101 443 Omnium
1115 408 1284 452 Suffragiis
1297 406 1466 439 PRIMO
1487 408 1519 439 ἱιι
1532 406 1668 437 Artibus
1681 405 1876 439 Renunztam
1894 415 1935 449 14
1950 406 2132 439 Novembris
2152 413 2164 435 1
2173 412 2190 446 7
2203 408 2262 446 45.

194 486 371 571 ALma
391 534 485 567 Trias
496 556 506 573 ‚
518 531 676 575 sophicos
689 529 817 563 Primus
827 528 1027 562 WELLENUS
1046 525 1193 559 honores

192 585 288 618 Dum
311 584 492 617 Geminare
513 589 589 614 tuos
609 579 724 617 venit,
745 586 802 611 tua
825 577 942 623 gaudia
959 573 1127 614 crescant,

192 636 240 668 Et
263 641 379 667 cantus
397 630 573 669 resonent,
592 626 786 672 plaususque
809 637 867 670 per
887 627 968 659 atria
984 623 1083 668 longa
1103 635 1110 657 :

189 684 334 730 Jamque
355 680 404 716 tui
423 682 567 728 Juvenes
587 677 655 713 laeti
668 700 678 716 ‚
698 685 869 721 totamque
890 683 946 718 per
966 672 1096 707 Urbem

193 733 312 767 Diffusr
325 754 334 771 ‚
358 730 507 774 duplices
531 726 689 772 praeclaro
708 726 861 759 Carmine
881 725 1010 757 Laurus

195 782 386 816 Decantent
401 804 410 820 ‚
434 788 596 815 memores
617 775 709 821 quod
733 774 789 808 vix
809 775 989 806 transiverit
1007 779 1134 811 annm,

195 833 250 866 Ex
269 840 337 877 quo
358 831 548 874 Sauvagium
571 826 760 859 redimitum
782 830 929 865 tempora
947 822 1058 854 Lauro
1070 843 1079 858 ,

194 880 374 926 Egregium
393 881 523 913 Heroem
535 898 545 915 ‚
565 882 788 919 magnumque
806 874 839 904 in
858 881 980 904 nomen
999 872 1146 908 iturum,

194 931 334 964 Duxere
354 929 392 961 ad
416 928 554 961 Triados
572 921 697 957 festivis
719 919 872 955 cantibus
893 921 1021 954 AEdem.

195 979 299 1024 Perge
320 976 436 1013 volans
449 1000 458 1015 ‚
481 976 596 1012 Falco,
616 970 735 1007 Palmae
755 980 889 1016 quoque
907 967 990 1005 serta
1011 966 1170 1014 sequente

195 1030 301 1063 Anno
324 1025 428 1070 prima
450 1025 516 1061 tibi
541 1025 661 1065 rapiaS‚
680 1019 914 1064 triplicemque
934 1018 1120 1052 Coronam!

199 1075 437 1120 Gaudebitque
455 1076 569 1110 Trias‚
590 1080 658 1116 quo
678 1077 710 1102 te
733 1068 905 1103 decorabit
927 1068 1066 1100 honore.

197 1127 259 1162 Ast
280 1128 430 1159 animum
452 1133 529 1158 ante
548 1123 636 1154 diem
656 1118 736 1164 quid
758 1116 811 1161 spe
828 1116 985 1152 laetamus
1004 1113 1123 1149 inani?

199 1177 385 1216 Laeternur3
405 1172 530 1218 triplici
546 1171 623 1204 Nos
640 1177 799 1201 ornavere
822 1168 957 1203 Corona
1115 1198 1118 1199 γ

199 1225 366 1264 Βοετευε,
384 1226 588 1257 ὃΔυνΛῦωε,
611 1226 729 1266 quarto
754 1219 786 1250 δι
808 1217 1017 1250 WELLeNms
1040 1222 1139 1246 anno,

200 1274 336 1309 Fronde
363 1283 476 1308 carens
497 1267 627 1304 medius
644 1264 794 1312 quamvis
813 1264 992 1300 intervenit
1012 1272 1136 1303 annus,

203 1323 320 1358 Carior
339 1320 518 1368 exsurgens
540 1314 726 1360 compensat
745 1315 864 1349 damna
888 1318 992 1348 ruina:
1005 1336 1015 1354 ‚

203 1372 341 1406 Cunctis
360 1372 517 1405 SocrarIco
535 1371 623 1402 votis
645 1364 822 1399 certamine
840 1363 980 1398 Primus.

202 1420 296 1455 Talia
316 1421 475 1455 doctrina:
497 1427 534 1452 tu
555 1420 661 1461 prima
684 1415 821 1449 exordia
843 1416 939 1457 ponis

204 1471 385 1516 Philiparte
401 1492 411 1510 ,
425 1477 516 1503 tuam
536 1476 651 1514 perges
671 1473 789 1497 ornare
806 1463 1006 1501 Palaestram,

206 1522 368 1565 Auguror
381 1543 391 1559 ‚
413 1519 484 1560 (est
502 1516 568 1550 vati
589 1524 680 1549 mens
700 1523 768 1545 non
790 1511 902 1558 ignara
921 1509 1057 1552 futuri)

204 1569 250 1604 Et
270 1577 416 1613 repetet,
434 1577 534 1615 quam
554 1564 635 1602 olim
655 1563 974 1596 cecinit-Dialefflca
993 1566 1113 1595 vocem
1127 1580 1137 1597 ‚

207 1619 354 1660 Quando
378 1616 487 1651 tribus
507 1614 615 1649 lustris
633 1610 772 1655 sophica
790 1609 847 1645 vix
865 1607 985 1647 fronde
1007 1609 1153 1642 carebat:

209 1668 295 1703 soLa
316 1679 368 1712 ego
393 1668 448 1700 Do
468 1666 607 1711 prlM‘os
628 1674 634 1695 :
656 1673 714 1694 non
735 1661 794 1693 lch
815 1672 851 1693 ea
869 1659 1000 1704 gLorla
1020 1670 1094 1691 rara
1119 1660 1171 1702 est.

209 1717 319 1751 Credo
334 1740 344 1756 ‚
361 1722 413 1749 tot
431 1713 548 1748 Lauris
569 1722 601 1747 te
625 1713 756 1744 ornavit
777 1709 873 1742 docta
891 1710 1063 1746 Μῖηεννα,

209 1764 312 1801 Alma
329 1765 446 1802 Tritis,
466 1761 614 1796 formatae
634 1763 670 1793 in
694 1760 826 1803 prr-mia
849 1756 934 1794 clara
952 1758 1116 1803 Juventae.

212 1817 297 1849 Sunt
315 1823 372 1849 tua
391 1812 548 1859 Belgiacis
566 1810 711 1844 habitata
726 1805 848 1840 Palatia
869 1808 973 1839 Musis
989 1818 996 1839 z

215 1864 350 1900 Affidue
368 1863 423 1897 hic
442 1860 563 1896 Studiis
580 1855 756 1893 Musarum
781 1864 912 1900 operata
926 1857 1085 1901 juventus

212 1913 411 1948 Docti-inam
428 1909 519 1956 puris
536 1909 710 1943 antrorum
727 1916 769 1940 ex
786 1903 935 1939 fontibus
950 1903 1060 1938 haurit
1071 1926 1083 1943 ,

215 1963 391 2010 Ingenium
409 1969 567 1996 exercens
584 1971 589 1991 :
607 1960 639 1991 &
663 1959 696 1991 ni
720 1964 776 1990 tua
797 1967 876 1990 cura
890 1956 1006 1988 resistat
1018 1977 1029 1995 ‚

211 2013 288 2062 Jam
306 2022 417 2059 gnte—‚e
443 2013 474 2045 &
491 2010 593 2043 Latiae
610 2013 719 2051 pereat
735 2003 888 2042 facundia
904 2004 1033 2050 lingum.

218 2064 308 2104 Quid
330 2069 533 2101 memorem,
553 2065 590 2092 ut
602 2055 839 2101 Burgundiac.e
860 2054 1038 2098 primordia
1061 2060 1167 2096 nuper

223 2111 400 2148 Addideris
417 2102 539 2155 lingute
553 2131 563 2148 ,
576 2106 713 2151 juvenes
732 2112 771 2139 ut
788 2102 922 2140 volvere
941 2103 1046 2137 claros

223 2162 387 2196 Auctores
406 2161 520 2204 possint
533 2179 542 2196 ,
563 2156 665 2189 Musis
683 2156 714 2187 ὅτ
734 2155 883 2198 Apolline
902 2153 1019 2199 dignos
1031 2152 1045 2177 ?

219 2212 361 2259 Jamque
383 2208 475 2244 brevi
498 2207 614 2240 nostris
635 2203 808 2237 mirabitur
827 2205 950 2237 advena
971 2204 1067 2236 terris
1080 2225 1091 2242 ‚

226 2260 282 2294 Ad
302 2261 455 2297 Triadem
471 2258 603 2294 Francae
623 2253 744 2298 linguae
764 2252 883 2286 veniss‘e
901 2255 1054 2296 Lepores.

227 2310 318 2350 Quin
328 2310 470 2356 juvenes
480 2308 581 2343 Sacrae
595 2302 745 2337 Historiae
760 2326 769 2343 ‚
782 2306 812 2336 δι
825 2304 1049 2339 Monumenta
1060 2298 1203 2347 profante

231 2362 438 2397 Scrutantes,
458 2354 589 2390 discunt
611 2363 737 2392 moreS‚
762 2352 905 2397 AEvique
929 2357 1048 2396 prioris

231 2407 357 2443 Dulces
377 2406 570 2451 Relliquias.
605 2404 671 2436 Hic
690 2404 729 2436 de
745 2401 882 2435 Virtute
905 2403 1023 2437 silebo:

232 2459 298 2492 Pro
323 2466 373 2489 me
390 2466 530 2499 namque
550 2456 628 2486 trias
648 2454 834 2485 Primorum
856 2450 942 2485 clara
961 2451 1127 2497 loquetur.

236 2509 374 2550 l'ergere
396 2505 563 2541 tentabam
576 2525 586 2542 ,
609 2505 640 2535 St
657 2499 784 2535 Triadis
804 2497 1130 2545 describe-reprimes

235 2558 358 2598 Quavis
380 2556 461 2587 Arte
482 2554 592 2594 Viros.
616 2553 677 2586 Sed
701 2560 752 2584 me
773 2549 960 2593 objurgavit
980 2551 1119 2594 Apollo:

236 2606 354 2643 Tune,
374 2606 503 2651 inquit.
527 2610 636 2635 rerum
657 2611 745 2640 vates
767 2602 878 2646 ignare
901 2609 1055 2641 tuarum,

1261 521 1404 557 Laffabis
1425 522 1525 555 toties
1543 524 1691 566 repetitis
1712 521 1863 558 cantibus
1886 532 1980 556 aures
1993 544 2004 562 ,

1260 572 1444 606 Effundens
1465 569 1678 605 male-natum
1690 595 1699 611 ‚
1715 575 1746 606 &
1762 572 1820 607 vix
1837 570 2012 605 tolerabile
2030 569 2170 604 Carmen
2181 569 2198 602 ,θ

1260 622 1351 654 Laus
1373 621 1418 653 est
1439 627 1518 652 nota
1536 618 1609 654 satis
1629 622 1768 656 Triadis.
1800 623 1967 656 Przeconia
1985 618 2083 663 primi

1261 672 1310 703 Te
1330 669 1451 715 pudeat
1468 669 1607 703 reticere
1628 682 1635 702 :
1655 674 1739 712 petit
1758 671 1910 704 victoria
1933 669 2074 703 Laudes.

1260 719 1395 764 Insignis
1413 719 1534 756 Primi,
1548 728 1617 762 quo
1637 715 1724 754 forte
1746 719 1787 752 ab
1810 719 1936 766 origine
1956 718 2062 763 prima

1260 768 1345 801 Non
1366 767 1489 810 majore
1505 768 1600 801 Trias
1622 764 1685 801 sese
1702 767 1838 810 jactavit
1857 769 2019 803 Alumno.

1262 818 1376 860 Incipe
1397 817 1538 850 virtutes
1558 815 1681 855 animi,
1700 818 1872 862 studiique
1888 817 2046 858 labores,

1263 864 1427 910 Viresque
1452 865 1577 911 ingenii
1598 868 1707 908 primo
1727 864 1909 900 describere
1936 867 1977 900 ab
2000 873 2088 901 ortu.

1264 914 1386 948 Dicam
1399 937 1408 953 ‚
1428 916 1448 948 fi
1471 913 1575 948 nescis
1595 926 1601 947 :
1628 914 1793 949 natalibus
1813 916 1906 949 affuit
1930 916 2001 959 ejus
2103 951 2105 953 ,

1263 963 1333 1007 Ipsa
1354 965 1527 1004 Minerva,
1547 965 1666 997 Comes
1689 974 1824 1010 quoque
1844 965 1949 999 virtus
1971 964 2063 999 affuit
2083 959 2159 1006 ipsa..

1263 1011 1439 1056 suscepere
1458 1012 1550 1047 simul
1574 1022 1735 1056 puerum3
1758 1011 1969 1060 mentemque
1990 1012 2135 1058 sagacem
2155 1034 2165 1051 ,

1264 1062 1506 1108 Ingeniumque
1525 1072 1625 1105 capax
1641 1063 1783 1101 indunt,
1807 1065 1837 1096 &
1857 1064 1897 1097 ad
1923 1062 2034 1096 omnia
2056 1061 2193 1099 vivums

1265 1111 1411 1145 Horrida
1436 1110 1594 1154 pellentes
1616 1122 1721 1154 pravae
1748 1112 1899 1158 contagia
1923 1111 2051 1145 mentis.

1266 1158 1376 1194 infusa
1397 1162 1475 1193 hinc
1492 1159 1612 1204 legitur
1633 1160 1764 1203 placido
1786 1163 1949 1204 Sapientia
1972 1159 2069 1196 vultu
2082 1181 2094 1199 ‚

1268 1210 1313 1246 Et
1334 1208 1398 1246 sese
1416 1208 1507 1242 illius
1528 1208 1647 1245 Virtus
1667 1210 1815 1251 depinxit
1837 1213 1872 1245 in
1893 1220 1962 1243 ore.

1270 1260 1359 1300 Quid
1386 1268 1586 1297 memorem,
1606 1266 1643 1293 ut
1674 1258 1776 1291 docta«.
1805 1258 1900 1295 illum
1925 1260 2093 1294 deduxere
2115 1264 2270 1291 camoenae

1269 1309 1330 1342 Per
1351 1306 1449 1341 ludos
1469 1317 1585 1340 omnes
1606 1306 1721 1341 Socios
1739 1305 1839 1355 longe
1859 1319 1935 1344 ante
1958 1307 2150 1346 volantem,

1269 1358 1390 1390 Donec
1409 1355 1582 1396 transmisi,
1600 1356 1666 1400 jam
1687 1355 1942 1399 pubescentibus
1961 1356 2056 1391 annis
2068 1379 2078 1395 ‚

1268 1407 1325 1442 Ad
1345 1407 1486 1443 Triados
1504 1405 1617 1446 laetus,
1637 1402 1803 1453 Musisque
1819 1404 2029 1444 faventibus,
2051 1404 2182 1439 AEdem.

1268 1456 1335 1490 Dic
1353 1466 1410 1500 age
1426 1453 1509 1496 (scis
1527 1457 1669 1492 etenim,
1692 1456 1723 1490 ὃῑ
1742 1459 1866 1497 poteris
1887 1464 2073 1489 memorare
2089 1451 2238 1486 canendo
2253 1452 2272 1492 )

1270 1507 1377 1547 Quam
1397 1513 1510 1550 gratus
1526 1501 1628 1538 fuerit
1647 1502 1780 1545 Triadi‚
1797 1512 1834 1538 ut
1849 1502 2049 1548 superaverit
2073 1511 2190 1536 omnes

1271 1554 1411 1600 Ingenio
1425 1552 1542 1586 Socios
1554 1576 1563 1592 ‚
1581 1551 1666 1590 nulli
1687 1552 1825 1589 Virtute
1841 1552 2013 1589 secundus.

1271 1604 1413 1649 Cingere
1436 1601 1608 1638 Victorem
1628 1600 1738 1636 Palma
1755 1602 1953 1649 jamjamque
1973 1600 2126 1646 parabam
2140 1623 2152 1639 ‚

1272 1654 1358 1686 Cum
1375 1650 1462 1692 sorte
1479 1649 1631 1690 adversa,
1651 1650 1756 1695 prima
1776 1653 1817 1685 de
1840 1651 1913 1686 sede
1935 1649 2096 1695 relapsus,

1273 1701 1410 1735 Decidit
1429 1700 1469 1735 ad
1492 1709 1614 1735 nonam
1627 1723 1637 1739 ‚
1652 1703 1684 1732 δι
1703 1701 1817 1734 Socios
1840 1699 2068 1745 Dominosque
2087 1695 2217 1731 fefellit.

1274 1750 1415 1784 Flebant
1434 1746 1539 1782 Μυῒ-ο
1560 1760 1699 1787 omnes,
1720 1753 1751 1783 &
1772 1760 1915 1785 moerens
1936 1748 2000 1793 ipse
2021 1747 2175 1783 dolebam

1275 1797 1436 1836 Delusum
1453 1799 1627 1846 Juvenem.
1653 1799 1741 1833 Mox
1761 1798 1857 1833 illum
1878 1797 2029 1835 blandius
2049 1795 2114 1840 ipse

1276 1851 1438 1887 Hortari,
1461 1857 1558 1892 atque
1577 1851 1725 1881 animum
1749 1850 1859 1883 verbis
1873 1848 2052 1883 accendere
2070 1847 2203 1880 amicis:

1278 1899 1426 1942 Majores
1445 1896 1522 1931 alias
1543 1895 1639 1931 sciret
1656 1894 1812 1940 supereffe
1831 1899 1980 1932 Coronas
2000 1919 2010 1936 ‚

1278 1951 1393 1994 Atque
1411 1946 1489 1981 alias
1510 1945 1611 1991 longe
1632 1946 1777 1980 Virtutis
1802 1946 1931 1992 praemia
1951 1947 2101 1979 Lauros:

1280 1998 1351 2035 Has
1367 1995 1457 2030 simul
1474 1996 1614 2029 ostendit
1638 1994 1722 2030 celso
1742 1997 1782 2030 de
1801 2000 1926 2033 vertice
1943 1995 2069 2029 Pallas.

1283 2049 1359 2082 Nec
1378 2055 1489 2085 mora,
1514 2053 1678 2078 certamen
1696 2044 1874 2089 Sophicum
1899 2045 2044 2078 Falconis
2065 2041 2098 2075 in
2118 2040 2204 2075 AEde

1284 2095 1419 2130 Fortius
1439 2093 1630 2140 aggrediens
1646 2117 1655 2133 ‚
1677 2092 1826 2140 viresque
1845 2092 2035 2138 animosque
2053 2089 2216 2135 resumpsit
2234 2099 2244 2130 ;

1284 2144 1418 2180 Fortior
1438 2152 1476 2177 ut
1494 2143 1598 2176 victus
1616 2146 1735 2188 repetit
1756 2153 1842 2177 nova
1865 2142 1983 2177 Proelia
2003 2140 2104 2175 miles.

1285 2193 1355 2239 Ipse
1373 2193 1427 2227 sibi
1451 2194 1505 2225 hic
1521 2191 1644 2236 semper
1665 2191 1775 2226 similis
1787 2216 1796 2231 ‚
1814 2192 1978 2238 vultuque
1997 2191 2126 2224 serenus
2138 2211 2149 2229 ‚

1288 2245 1373 2277 Cum
1397 2241 1504 2278 nitido
1525 2250 1626 2284 puros
1648 2240 1786 2276 servavit
1806 2252 1951 2285 corpore·
1965 2249 2083 2274 mores.

1289 2295 1370 2327 Non
1393 2292 1488 2326 illum
1505 2290 1668 2324 illecebrae
1681 2315 1692 2331 ,
1712 2300 1779 2324 non
1800 2301 1899 2337 prava
1919 2287 2066 2331 exempla
2086 2284 2249 2321 malorum
2268 2307 2282 2327 ,

1289 2343 1370 2376 Non
1387 2345 1465 2375 anni
1491 2338 1611 2377 teneri,
1631 2349 1686 2374 aut
1708 2351 1799 2375 caec-‚e
1819 2339 1902 2372 mala
1926 2339 2041 2383 gaudia
2063 2340 2182 2372 mentis

1288 2390 1420 2426 Lusere.
1444 2394 1492 2424 At
1509 2390 1620 2423 studiis
1640 2386 1763 2433 semper
1784 2388 1980 2422 melioribus
2001 2387 2109 2425 aetus,

1289 2442 1350 2474 Per
1365 2440 1542 2484 pulchrum
1562 2442 1694 2473 virtutis
1716 2439 1776 2471 iter
1789 2460 1799 2477 ,
1821 2446 1945 2481 perque
1967 2434 2074 2478 aspera
2095 2434 2197 2476 bella,

1292 2491 1347 2524 Ad
1368 2489 1523 2533 Sophicas
1543 2488 1632 2525 recto
1652 2488 1805 2522 tendebat
1825 2489 1955 2521 tramite
1975 2487 2124 2521 Lauros:

1293 2541 1411 2577 Donec
1431 2538 1485 2572 sex
1507 2539 1611 2570 Votis
1625 2537 1727 2571 exivit
1748 2538 1865 2574 Victor
1888 2537 2009 2568 Arena.

1292 2592 1344 2624 Sic
1366 2588 1447 2625 olim
1464 2589 1552 2623 Circi
1572 2586 1748 2621 certamine
1768 2596 1904 2631 magnus
1926 2584 2093 2624 Achilles,

2216 2672 2289 2714 Aa
