2414 3105
673 127 914 212 secunda
953 132 1008 188 in
1047 123 1199 212 Festo
1237 122 1540 210 Paschatis.

86 233 213 265 felicem.
238 231 314 264 Nee
330 228 405 262 falso
417 228 518 260 Vobis
530 226 701 268 persuadete
712 249 722 263 ‚
742 227 832 258 vitam
846 228 983 258 austeram
998 248 1007 262 ‚
1020 236 1088 267 quae

86 275 105 303 ὲ
127 273 252 305 Clericis
264 271 412 310 exigitur,
435 277 496 299 non
518 268 575 298 nisi
591 267 686 307 spinas
700 269 861 305 germinare
887 278 919 297 ac
941 267 1089 301 tribulos,

87 321 293 353 perpetuoque
317 311 433 339 moerori
458 317 492 338 ac
528 307 650 336 tristitiae
682 307 792 346 exponi
823 306 1087 353 illiusqsequtcestt

88 354 138 383 sed
162 353 266 382 contra
285 351 358 379 certi
377 348 467 378 estote
479 366 489 382 ‚
508 348 607 376 nullos
619 367 628 382 ,
652 347 738 376 etiam
762 347 792 376 in
812 347 866 375 hac
891 354 952 375 vita
965 369 974 381 ,
998 354 1090 383 magis

89 399 248 423 contentos
267 389 318 419 ess'e
333 409 343 423 ‚
367 388 464 417 nullos
477 386 600 426 puriora
609 395 642 416 ac
668 386 809 416 solidiora
823 386 929 424 gaudia
940 386 1090 426 poffidere,

89 432 177 471 quam
202 430 270 459 illos
298 427 348 467 qui
371 435 487 457 carnem
507 426 695 455 mortificant.

130 473 141 508 (
165 471 256 498 Amor
278 470 374 496 mundi
397 470 520 500 cruciat,
540 467 681 500 sanctitas
700 468 751 493 dat
773 477 836 493 vera
852 467 924 495 cordi
942 467 1059 503 gaudia.
1079 463 1092 500 )

90 508 134 540 Ut
153 509 240 546 hujus
263 507 305 536 rei
325 505 447 545 capiatis
465 505 698 542 experimentum
712 527 720 539 ,
741 505 920 542 interrogate
934 504 1068 534 homines
1082 523 1091 535 ‚

90 548 143 588 qui
166 547 196 577 in
213 546 368 576 mundanis
389 544 504 574 deliciis
535 545 597 573 dies
634 543 803 581 transigunt.
835 544 969 588 Videte,
992 543 1090 573 utrum

94 595 155 617 non
178 585 253 624 saepe
275 585 402 623 inquieti
422 584 496 618 sint,
521 584 600 613 curis
624 592 658 613 ac
685 583 858 614 moeroribus
880 585 978 623 plena,
1002 583 1041 627 ὄε-
1055 591 1091 611 an

91 635 153 655 non
170 624 274 664 saepiiis
301 625 354 653 sub
378 623 449 653 rolis
468 623 526 652 illis
540 643 550 658 ,
572 632 640 660 quae
662 623 789 652 emeritis
812 625 952 662 apparent
975 642 984 657 ‚
1003 621 1092 667 spinae

85 664 196 695 lateant
218 666 346 693 animum
367 662 517 702 profunde
537 670 709 701 pungentes.
730 663 839 692 Dicent
862 663 961 693 Vobis
981 662 1094 697 aulici,

91 703 145 742 qui
166 703 336 733 sublimiore
359 702 500 733 collocati
526 703 666 732 videntur
688 703 779 737 loco,
799 702 938 740 quantum
959 703 1022 740 pati
1042 702 1094 744 de-

90 743 179 773 beant
202 743 238 772 ab
261 742 397 775 aemulis;
420 742 506 779 quam
527 740 604 780 saepe
626 743 737 776 vitam,
759 743 925 776 libertatem
947 743 977 771 &
996 748 1096 771 omnia

90 781 142 812 sua
163 782 335 812 consecrent
356 781 437 811 inani
449 783 553 818 gloriae
573 780 656 810 fumo
672 803 680 815 ,
703 781 733 810 δι
749 790 811 811 non
825 781 890 810 raro
905 801 914 815 ‚
936 780 999 819 post
1013 788 1096 817 mag-

90 830 148 852 nos
168 822 306 855 labores,
327 830 389 851 uno
411 828 561 850 momento
582 820 730 850 fortunam
752 822 829 850 illam
853 820 982 849 eversam
1011 820 1096 864 itide-

92 868 164 894 ant,
183 870 270 899 quam
293 861 462 890 nitebantur
483 861 558 889 ultra
579 860 668 889 sidera
690 860 803 890 efferre.
827 861 886 899 Qui
907 861 956 890 vel
977 869 1028 889 uni
1044 859 1096 887 de-

91 898 182 930 servit
202 900 321 939 pallioni
343 900 501 937 numquam
523 907 681 929 contentus
702 908 750 930 aut
772 899 889 938 quietus
911 899 964 928 effe
978 897 1094 937 potest;

95 939 183 976 cujus
208 939 251 969 rei
272 941 437 978 exemplum
460 941 571 978 praebet
593 938 735 977 superbus
750 940 861 971 Aman,
881 939 932 976 qui
944 938 1097 979 postquam

93 986 279 1009 enarraverat
300 979 430 1008 honores
453 977 726 1008 omnes&favores
739 998 748 1012 ‚
768 978 877 1017 quibus
900 986 960 1007 erat
978 979 993 1007 a
1017 977 1099 1014 Rege

95 1018 285 1052 cumulatus,
306 1018 378 1048 nihil
400 1025 497 1046 tamen
519 1017 548 1046 se
568 1019 690 1055 putabat
714 1018 822 1047 habere
836 1039 844 1051 ,
866 1017 1007 1054 quamdiu
1033 1024 1100 1045 ante

95 1055 177 1089 fores
200 1057 308 1094 Regias
325 1057 472 1086 sedentem
494 1057 608 1085 videret
629 1057 877 1086 Mardochaeum:
902 1056 931 1085 ἃ
956 1065 1025 1099 ¹ecce
1046 1064 1100 1084 eo-

92 1096 162 1126 vdem
181 1095 244 1126 fere
260 1103 410 1126 momento
424 1116 433 1129 ‚
455 1097 514 1133 quo
531 1095 725 1125 Mardochaeo
738 1097 858 1133 parabat
879 1096 1028 1124 interitum
1042 1114 1051 1128 ‚
1065 1103 1100 1123 ex

92 1136 155 1165 hoc
183 1136 332 1165 honorum
357 1136 486 1164 culmine
507 1135 659 1172 demtus,
679 1134 814 1174 patibulo
825 1134 968 1173 appensus
978 1134 1022 1163 est>
1049 1133 1100 1178 ᾼΙ)

93 1174 215 1206 Aulicis
238 1176 274 1203 ad
297 1174 454 1203 Thronum
485 1175 576 1213 ipsum
609 1174 743 1204 accedite
763 1193 772 1209 ,
804 1175 833 1203 &
867 1174 978 1212 Regem
1001 1174 1102 1203 audite

94 1213 282 1245 Salomonem
299 1224 306 1243 :
327 1217 341 1251 (
364 1213 445 1242 Ecclt
471 1221 498 1242 2.
521 1216 535 1250 )
557 1216 744 1252 lilttgnt'ficavi
760 1233 770 1248 ‚
789 1213 907 1252 inquit,
928 1225 1008 1251 opera
1022 1225 1102 1248 mea,

96 1256 234 1291 edificavi
258 1257 326 1282 mihi
346 1256 439 1282 domos
451 1273 460 1287 ‚
483 1255 509 1281 cr
524 1256 657 1291 plantavi
680 1258 785 1282 vincas.
801 1275 808 1282 .
824 1275 831 1282 .
843 1276 849 1282 .
866 1274 874 1282 .
891 1256 1100 1293 poffediservos

96 1295 124 1323 ὃ*
148 1296 269 1322 ‹zm-illas
272 1313 368 1322 .....
382 1294 568 1332 supergreffus
590 1295 658 1329 sum
686 1295 783 1330 opibus
809 1305 903 1322 omncs
922 1313 931 1328 ‚
963 1297 1011 1332 qui
1036 1303 1101 1321 ante

98 1344 140 1362 me
159 1334 274 1369 fueruat
299 1336 329 1361 itz
356 1334 511 1368 Jerufizlenz
534 1354 541 1361 .
557 1353 584 1360 ..
610 1333 636 1360 f:
660 1337 776 1367 omnia,
807 1344 865 1370 quae
888 1335 1103 1370 desideraverunt

96 1375 169 1403 oculi
184 1376 235 1401 mei
251 1393 260 1407 ‚
280 1384 333 1401 non
359 1376 457 1410 negaui
481 1375 532 1400 eis.
553 1371 592 1400 Et
615 1371 832 1410 putatisnehaec
846 1372 944 1402 omnia
965 1372 1102 1403 Salomo-

98 1421 165 1443 nem
185 1411 293 1442 satiass'e
307 1415 320 1439 ?
339 1411 557 1449 Nequaquam:
586 1414 676 1446 Vidi,
699 1412 795 1450 inquit
813 1432 822 1446 ,
846 1417 875 1441 in
899 1417 1026 1441 omnihus
1050 1424 1103 1440 va-

100 1456 215 1480 nitatem
226 1449 262 1479 ‘arx
288 1454 463 1489 afflic‘i‘iwnem
485 1454 575 1479 animi
608 1451 652 1480 lfa
677 1452 729 1480 sub
753 1453 762 1480 i
785 1450 816 1481 so
837 1451 1032 1487 Diademate,
1056 1452 1105 1481 in-

100 1497 146 1519 ter
168 1490 276 1519 medias
303 1489 442 1524 delicias,
466 1490 556 1519 latent
577 1499 701 1527 angores
725 1512 735 1526 ‚
765 1462 855 1521 farem
876 1493 1046 1526 cruciatus,
1073 1490 1104 1521 &

102 1530 202 1559 omnia
224 1529 349 1558 vanitate
371 1529 455 1566 plena
475 1529 550 1558 sunt.

142 1568 174 1597 Si
195 1569 304 1606 putetis
324 1567 459 1597 homines
469 1568 536 1597 illos
550 1588 559 1602 ,
581 1568 632 1606 qui
646 1567 790 1598 continue>
802 1568 871 1599 rosis
888 1568 916 1598 se
938 1574 1104 1603 coronant,

103 1606 196 1637 vitam
216 1607 326 1636 ducere
345 1607 509 1637 amoenitate
531 1609 646 1645 plenam
668 1628 677 1642 ,
698 1607 798 1637 audite
819 1607 950 1646 ipsorum
973 1608 1104 1637 testimo-

102 1646 186 1676 nium
207 1645 272 1685 Sap.
295 1655 324 1683 5-
343 1649 450 1684 Laffatt’
465 1649 566 1681 sumus
588 1651 617 1675 in
648 1651 704 1676 via‘.
717 1669 724 1676 .
739 1669 746 1676 .
759 1668 767 1676 .
781 1650 951 1684 perditionis
967 1669 974 1677 .
996 1650 1021 1677 Cr
1041 1659 1103 1676 am-

103 1688 262 1715 bulavimus
282 1690 345 1715 vias
365 1689 490 1724 difficiles
513 1685 543 1715 &
562 1688 723 1724 tranficrutu
745 1692 838 1716 omnia
873 1690 925 1718 illa
960 1698 1104 1726 tamquam

103 1729 207 1755 umbra.

143 1765 192 1795 Sic
213 1766 378 1802 loquuntur
391 1784 400 1799 ,
421 1763 598 1794 Dileffiffimi
611 1786 619 1800 ,
641 1774 742 1794 omnes
765 1765 829 1801 illi,
851 1764 902 1802 qui
923 1766 1010 1795 rebus
1024 1773 1105 1794 tran-

105 1803 212 1834 fitoriis
230 1813 283 1833 cor
305 1812 482 1843 apponunt;
508 1805 558 1833 ubi
581 1813 682 1835 contra
697 1825 706 1839 ‚
730 1806 781 1843 qui
806 1815 840 1834 ex
863 1805 921 1833 Dei
947 1805 976 1834 &
996 1805 1106 1834 Salutis

105 1843 164 1872 suae
185 1852 284 1879 amore
304 1845 339 1872 ab
361 1843 419 1872 istis
441 1843 600 1877 abstinent,
624 1844 779 1874 &terrena
802 1852 1016 1880 contemnunt,
1038 1853 1106 1882 per-

103 1891 221 1922 petuam
243 1882 350 1911 habent
372 1882 403 1912 &
424 1883 453 1911 in
475 1883 534 1912 hoc
549 1903 558 1918 ‚
581 1882 611 1913 &
631 1885 660 1912 in
695 1885 788 1913 altero
810 1883 918 1914 saeculo
941 1885 1073 1914 laetitiam
1098 1895 1104 1913 :

105 1932 160 1952 nec
182 1923 258 1951 enirn
280 1923 308 1951 in
331 1923 420 1952 altera
441 1922 552 1951 tantum
575 1923 634 1952 vita
666 1923 748 1952 Deus
771 1933 823 1953 cor
844 1924 1021 1953 Sanetorum
1049 1932 1106 1953 vo-

103 1962 217 2000 luptate
240 1961 354 1991 Domus
375 1961 442 1991 Suae
464 1961 587 1993 inebriat
605 1985 614 1998 ‚
634 1961 683 1993 sed
705 1972 741 1993 ex
763 1971 843 1993 nunc
875 1964 986 2001 gaudio
1014 1965 1107 2002 replet

107 2001 138 2031 &
159 2000 262 2030 laetitia
282 2001 481 2030 inenarrabili.

144 2041 157 2078 (
177 2040 278 2069 Psalm.
301 2049 336 2078 72
361 2043 376 2077 )
406 2044 495 2078 Quum
520 2045 606 2071 honus
628 2044 719 2077 Israel
737 2044 838 2075 Deus,
865 2041 1004 2071 exclamat
1027 2041 1108 2072 Psal-

106 2079 184 2108 m'lsta
199 2099 210 2114 ,
230 2080 362 2117 (psalm.
385 2080 428 2108 18.
450 2080 460 2115 )
480 2085 525 2110 lzt's
547 2086 594 2120 qui
619 2085 687 2111 teilo
702 2084 769 2118 sunt
787 2085 861 2110 corde
875 2086 886 2109 !
902 2103 909 2111 .
924 2102 931 2110 .
945 2104 952 2110 .
969 2103 976 2110 .
989 2085 1108 2121 Justtttae

109 2120 227 2148 Domini
250 2124 346 2155 refice,
364 2122 537 2157 laetificantes
568 2123 660 2151 corda.
683 2125 693 2159 (
720 2121 822 2150 Psalm.
844 2131 892 2160 32.
918 2121 928 2157 )
950 2121 989 2151 Et
1016 2122 1109 2151 alibi.-

113 2159 247 2190 Exultate
268 2162 338 2199 Iusti
366 2164 394 2188 itt
418 2162 541 2190 Domino
565 2173 572 2189 .-
601 2166 683 2190 rec‘los
718 2165 790 2190 decet
815 2164 992 2190 collaudatio.
1020 2162 1109 2200 Quafi

111 2197 252 2227 exultatio
278 2198 306 2227 ἂ
332 2200 468 2237 gaudium
488 2202 556 2230 solis
577 2200 665 2232 ⁸Iustis
686 2201 870 2231 conveniret.

151 2235 324 2267 Cruciantur
340 2239 457 2276 quidem
477 2240 635 2279 aliquando
646 2240 719 2272 Justi
734 2242 835 2278 quoad
856 2239 1030 2270 exteriorem
1050 2240 1108 2270 ho-

113 2273 239 2309 minem,
262 2278 496 2315 persecutionem
523 2281 700 2319 patiuntur;
727 2288 945 2313 conteruntur,
967 2280 1109 2318 aporian-

112 2320 183 2345 tur:
205 2313 251 2342 sed
268 2316 382 2346 interim
396 2340 404 2352 ,
427 2326 577 2357 quotquot
599 2320 663 2348 sunt
677 2341 687 2353 ,
711 2329 778 2350 cum
804 2320 898 2349 Paulo
920 2320 1081 2348 exclamant
1099 2328 1112 2349 ι’

112 2354 177 2388 (Π.
191 2352 261 2382 Cor.
276 2358 326 2392 7.)
346 2359 538 2394 Superabundo
556 2362 658 2397 gaudio
678 2363 707 2387 in
725 2363 800 2388 omni
820 2360 995 2388 tribulatione
1009 2363 1109 2397 nostra.

112 2390 153 2422 Et
174 2391 245 2430 quid
266 2393 296 2422 in
318 2395 390 2425 hanc
415 2406 474 2426 rem
499 2398 704 2436 conquirimus
726 2399 888 2428 testimonia
902 2401 915 2425 ?
937 2398 1010 2427 Cum
1026 2408 1108 2427 men-

111 2431 162 2461 tiri
187 2440 312 2469 nequeat
332 2435 395 2472 Ipsa
409 2437 526 2466 Veritas
538 2437 667 2467 Christus
681 2457 691 2472 ‚
712 2438 763 2475 qui
786 2438 875 2468 dicit:
897 2438 1025 2474 (Matth,
1043 2440 1110 2475 ιι.)

112 2473 217 2509 Iugum
232 2492 239 2500 .
257 2493 263 2498 .
280 2493 287 2500 .
300 2484 385 2502 meum
401 2478 487 2510 suave
510 2481 542 2516 est
554 2498 563 2510 ,
582 2481 608 2505 C«
629 2488 700 2505 ottus
724 2490 810 2506 meum
836 2481 902 2506 lere.

155 2511 224 2540 Hoc
250 2519 385 2550 expertus
410 2514 446 2543 est
469 2515 672 2552 Augustinus,
693 2518 743 2555 qui
758 2538 766 2551 ‚
792 2519 888 2546 adhuc
914 2515 1038 2545 terrenis
1063 2515 1110 2546 in-

113 2549 198 2579 hians
214 2573 222 2584 ,
243 2553 360 2580 credere
384 2561 442 2582 non
469 2563 606 2591 poterat,
624 2565 674 2585 aut
695 2558 722 2585 se
749 2557 807 2586 illis
828 2556 885 2586 line
908 2557 1012 2585 dolore
1033 2556 1110 2586 cari·

112 2596 231 2623 turum,
252 2598 302 2619 aut
324 2590 352 2619 in
375 2592 538 2622 austeritate
558 2595 628 2624 vitre
641 2596 810 2626 Christianae
831 2597 959 2626 animum
983 2596 1111 2625 hominis

115 2628 194 2667 poss'e
221 2629 316 2658 satiari
339 2641 345 2659 :
367 2631 413 2660 sed
441 2633 525 2661 brevx
547 2634 666 2663 meliora
692 2636 797 2666 doetus
831 2646 883 2675 per
905 2636 1046 2674 gratiam,
1074 2635 1110 2665 fic

113 2668 212 2699 Deum
238 2668 268 2699 iu
289 2669 520 2702 Confeilionibus
539 2673 597 2703 suis
618 2675 779 2714 alloquitur
802 2687 808 2706 ι
831 2680 921 2713 Quum
935 2678 1112 2712 suarebmilu'

2082 131 2160 210 65

1148 228 1243 264 subito
1260 228 1370 264 fac'lum
1396 231 1431 266 est
1451 239 1538 256 carere
1552 229 1764 264 suavitatibus!
1787 232 1814 262 C?
1833 243 1903 271 quas
1927 237 2051 264 amittere
2072 246 2160 266 melu

1149 269 1270 304 fuerat,
1291 270 1357 304 jam
1379 269 1515 296 dimittere
1536 271 1669 306 gaudium
1694 281 1762 298 erat.

1198 307 1279 337 Idem
1306 306 1518 344 experiemini,
1538 307 1716 338 Dileffiffimi
1731 328 1740 343 ‚
1765 308 1784 337 fi
1807 319 1861 348 pro
1886 311 2017 343 Servitio
2043 313 2163 346 Divino

1160 346 1303 374 humanas
1325 345 1510 375 conculcetis
1526 347 1648 376 delicias
1661 369 1668 381 ,
1681 348 1827 386 perituras
1842 356 2035 382 contemnatis
2052 355 2162 394 volup-

1160 391 1243 414 tates.
1274 384 1364 415 Initio
1386 386 1504 422 quidem
1527 387 1672 425 paulisper
1698 388 1754 416 hac
1780 388 1808 416 in
1829 397 1861 418 re
1880 390 2072 422 laborandum
2096 394 2133 423 est
2149 407 2165 428 ‚-

1159 432 1187 453 at
1213 425 1297 453 brevi
1315 425 1479 461 jucundius
1502 425 1601 455 Vobis
1625 426 1679 455 erit
1706 426 1762 456 illis
1790 427 1910 457 omniuo
1933 439 2031 460 carere
2046 452 2056 466 ,
2076 437 2162 470 quam

1157 464 1189 493 iit
1208 464 1388 493 amatoribus
1400 463 1502 493 mundi
1514 464 1614 494 iisdem
1630 466 1780 504 occupari.
1806 466 1862 496 Sed
1884 475 1917 496 ut
1930 470 1964 497 ad
1978 470 2036 500 hoc
2048 470 2167 502 facilius

1157 503 1349 541 pertingatis,
1366 502 1476 532 neeesse
1490 504 1546 539 est,
1557 504 1627 533 mihi
1640 506 1751 535 credite
1763 526 1771 539 ,
1788 514 1899 536 certum
1916 508 2014 538 Vobis
2026 509 2055 539 in
2070 512 2167 542 aeno-

1160 544 1249 572 nibus
1273 542 1412 572 omnibus
1433 542 1504 572 vitae
1525 544 1659 574 ordinem
1684 546 1874 584 praescribere
1901 558 1907 578 ε
1931 549 2008 578 ordo
2031 549 2106 578 enim
2127 551 2164 579 ad

1163 583 1261 611 Deum
1282 581 1387 616 ducit,
1410 581 1440 612 &
1462 582 1513 612 ubi
1534 584 1621 614 semel
1648 584 1717 614 stata
1742 585 1805 622 lege
1831 588 2064 626 occupationes,
2088 599 2165 628 prae-

1162 621 1268 660 scripta
1291 623 1416 659 quadam
1438 632 1471 651 ac
1493 622 1584 652 stabili
1609 623 1700 660 serie,
1723 625 1774 653 fibi
1799 625 1959 656 succedunt
1973 650 1978 659 ,
1992 628 2090 657 nullus
2113 630 2166 658 da-

1163 669 1211 691 tur
1236 663 1300 691 otio
1322 661 1429 695 locus,
1451 662 1563 691 nullum
1582 664 1668 693 datur
1690 666 1831 703 temporis
1850 665 1994 704 spatium,
2017 668 2076 704 quo
2103 669 2168 697 ani-
2196 678 2198 681 ·

1164 710 1228 730 mus
1251 700 1364 738 alioqui
1387 710 1480 739 vagus
1503 710 1537 731 ex
1558 702 1586 731 se
1611 702 1640 732 ἀ
1657 703 1842 740 inconstans,
1862 707 1896 735 ad
1922 715 2012 744 nugas
2030 706 2093 736 illas
2119 717 2167 737 re-

1165 748 1283 774 currat,
1310 748 1360 769 aut
1389 740 1418 769 in
1450 741 1486 770 iis
1510 742 1758 772 oblestamentum
1781 743 1832 773 fibi
1856 753 1977 782 quaerat.
2009 745 2165 784 Postquam

1163 787 1260 808 autem
1278 779 1347 809 huic
1363 779 1478 810 fueritis
1502 781 1625 819 Regulae
1640 782 1738 813 ass'ueti
1758 783 1789 812 in
1811 784 2056 814 consuetudinem
2069 787 2165 823 quod-

1165 821 1304 849 ammodo
1328 827 1481 850 vertentur
1501 820 1561 859 ipsa
1585 822 1705 851 virtutis
1726 831 1759 852 ac
1783 822 1901 861 pietatis
1923 823 2084 860 exercitia,
2099 827 2168 856 lon—

1165 858 1260 896 geque
1284 858 1431 894 difficilius
1447 860 1544 890 Vobis
1559 862 1606 890 fiet
1627 863 1663 890 ab
1684 862 1743 892 illis
1766 863 1937 899 deflectere,
1956 865 2043 903 quam
2066 864 2167 895 iisdem

1166 898 1311 928 continuo
1332 898 1445 928 instare.
1477 899 1562 929 Hanc
1585 902 1694 938 igitur,
1717 902 1817 939 quaeso
1841 903 1926 939 Vos,
1950 911 2047 934 tenete
2069 904 2170 939 viam.

1168 937 1199 967 δι
1224 937 1284 967 cito
1308 947 1374 967 curn
1400 937 1515 969 Divino
1540 941 1692 977 adjutorio
1713 940 2098 980 perspicietis‚revolutum
2114 944 2169 973 eise

1167 977 1337 1007 Secundum
1354 978 1432 1007 hunc
1453 978 1595 1018 Lapidem
1606 1002 1614 1015 ,
1627 981 1663 1009 ad
1682 990 1769 1020 quem
1782 982 1812 1011 in
1825 981 1908 1012 Statu
1922 983 2058 1014 clericali
2073 983 2169 1014 offen-

1168 1017 1237 1045 dere
1261 1015 1417 1046 timebatis.

1208 1057 1323 1092 (Tertt’a
1350 1058 1498 1092 difficul‘as
1515 1078 1524 1092 ‚
1546 1060 1665 1097 affidutts
1689 1061 1839 1099 Ministertt
1860 1062 1971 1099 labor.)
1990 1060 2088 1091 ‘Restat
2109 1062 2169 1099 jam

1167 1101 1200 1123 ut
1216 1094 1250 1123 de
1266 1094 1372 1125 Tertio
1387 1095 1497 1135 Lapide
1518 1099 1648 1128 breviter
1663 1099 1758 1129 adhuc
1775 1100 1884 1138 aliquid
1898 1101 2050 1135 dicamus;
2066 1101 2170 1139 nempe

1169 1134 1205 1162 de
1224 1133 1325 1162 labore
1347 1133 1454 1165 affiduo
1467 1156 1476 1171 ‚
1498 1146 1584 1175 quem
1608 1138 1803 1168 Ministerium
1818 1140 1940 1170 Sacrum
1954 1141 1969 1168 a
1982 1140 2105 1171 Clericis
2118 1150 2171 1170 ex-

1167 1173 1304 1211 postulat.
1333 1172 1522 1205 Conliderate
1543 1177 1591 1206 hic
1616 1186 1684 1208 ante
1710 1178 1827 1214 omnia,
1851 1189 1887 1210 an
1911 1181 1927 1209 a
1948 1180 2172 1215 sollicitudine,

1168 1221 1203 1241 an
1230 1212 1245 1240 a
1265 1213 1367 1242 labore
1390 1213 1510 1244 fuissetis
1530 1215 1673 1247 immunes
1686 1237 1695 1251 ,
1714 1217 1732 1246 fi
1752 1217 1783 1247 in
1804 1218 1912 1249 saeculo
1935 1219 2170 1258 permanfiss'etis?

1168 1250 1199 1280 Si
1223 1259 1294 1281 tunc
1323 1252 1353 1282 in
1377 1253 1490 1283 vietum
1516 1254 1546 1284 &
1569 1256 1725 1291 ami&um‚
1753 1256 1784 1286 in
1807 1259 1937 1288 alendam
1958 1258 2095 1289 familiam
2120 1260 2174 1288 de-

1169 1290 1299 1321 buiffetis
1314 1293 1489 1330 impendere
1503 1294 1564 1324 dies
1585 1296 1716 1334 integros
1729 1306 1762 1326 ac
1775 1299 1893 1333 noctes,
1911 1298 1982 1336 quid
2004 1308 2082 1328 nunc
2097 1308 2173 1329 con·

1171 1331 1351 1367 querimini,
1373 1332 1391 1361 li
1417 1341 1514 1363 totum
1537 1334 1607 1364 vitre
1632 1344 1746 1375 tempus
1760 1356 1769 1370 ‚
1787 1337 1917 1367 feliciori
1941 1337 2092 1372 success'u,
2116 1338 2174 1369 Di-

1172 1370 1245 1399 vino
1265 1370 1396 1401 Servitio
1418 1373 1649 1404 consecrandum
1670 1376 1700 1405 fit
1714 1379 1729 1404 .2
1756 1376 1806 1405 An
1830 1384 1942 1414 aequam
1967 1377 2076 1416 putatis
2097 1378 2173 1409 hanc

1171 1409 1259 1439 animi
1279 1411 1496 1449 dispolitionem
1519 1416 1577 1451 qua
1595 1416 1688 1454 parati
1713 1415 1804 1445 effetis
1822 1417 1910 1446 nullis
1931 1416 2062 1454 vigiliis,
2084 1418 2173 1448 nullis

1172 1448 1325 1479 laboribus
1348 1460 1380 1479 ac
1396 1450 1554 1482 sudoribus
1575 1463 1696 1492 parcere
1706 1478 1716 1490 ,
1731 1456 1782 1485 ubi
1797 1456 1832 1484 de
1846 1457 1934 1485 rebus
1948 1457 2086 1494 perituris
2098 1467 2173 1487 con-

1172 1487 1325 1525 quirendis
1348 1499 1481 1527 ageretur
1504 1502 1511 1525 ;
1538 1501 1618 1523 nunc
1651 1503 1746 1524 autem
1775 1495 1960 1525 recalcitrare
1985 1496 2015 1525 &
2042 1497 2174 1526 laborem

1171 1527 1272 1564 fugere
1287 1548 1296 1562 ‚
1318 1531 1392 1563 ubi,
1414 1532 1451 1559 ad
1481 1535 1693 1570 comparandas
1719 1533 1881 1569 AEternas,
1905 1535 1996 1564 mults}
2021 1535 2134 1565 minora
2157 1545 2174 1567 a

1173 1566 1272 1596 Vobis
1290 1567 1474 1605 exiguntur?
1497 1571 1599 1608 Atque
1621 1573 1688 1602 haec
1711 1573 1770 1602 sola
1795 1574 2007 1604 animadvcrfio
2027 1577 2174 1613 pudorem

1173 1606 1291 1635 deberet
1317 1608 1450 1638 incutere
1476 1610 1600 1640 delidios
1614 1611 1672 1641 illis
1694 1612 1834 1647 clericis,
1849 1613 1900 1652 qui
1919 1614 1953 1642 ad
1973 1623 2078 1644 caetera
2091 1623 2176 1653 quae-

1175 1646 1220 1674 vis
1241 1646 1395 1685 prompti,
1420 1655 1490 1678 tuuc
1510 1650 1622 1679 tantum
1646 1651 1752 1681 inertes
1777 1653 1849 1682 fiunt
1869 1662 1902 1682 ac
1929 1653 2021 1691 pigri,
2036 1655 2105 1683 dum
2120 1653 2176 1684 Sa-

1173 1684 1230 1715 luti
1249 1685 1423 1715 Animarum
1449 1697 1482 1717 ac
1504 1689 1723 1720 Funffionibus
1751 1690 1848 1721 Sacris
1871 1694 2036 1722 vacandum
2059 1693 2106 1723 est.
2122 1715 2150 1722 ..
2167 1714 2178 1726 .,

1214 1724 1271 1754 Sed
1294 1726 1378 1758 eli03
1403 1727 1504 1756 demus
1527 1729 1688 1767 tantisper,
1717 1738 1775 1760 tam
1803 1732 1883 1761 laute
1907 1733 1938 1761 in
1963 1733 2176 1771 temporalibus

1175 1763 1274 1793 Vobis
1295 1766 1448 1802 provisum
1473 1767 1544 1802 esse,
1565 1776 1597 1798 ut
1616 1770 1734 1798 mollem
1757 1779 1790 1799 ac
1813 1771 1936 1801 otiosam
1957 1773 2048 1801 vitam
2071 1772 2100 1801 in
2122 1774 2177 1802 sae·

1175 1804 1246 1832 culo
1272 1804 1380 1833 ducere
1404 1805 1519 1844 possetis
1542 1818 1548 1836 :
1569 1817 1605 1836 an
1631 1807 1699 1838 ideo
1722 1809 1829 1847 justum
1850 1810 1989 1849 putabitis
2011 1812 2086 1841 hanc
2107 1812 2176 1843 Deo

1175 1841 1272 1872 vicem
1288 1845 1428 1880 reddere,
1441 1855 1473 1875 ut
1487 1847 1522 1875 ad
1537 1847 1609 1884 Ejus
1624 1849 1763 1887 torpeatis
1783 1849 1957 1887 obsequium
1970 1871 1979 1884 ‚
1994 1851 2063 1888 quia
2079 1852 2175 1881 abun-

1175 1882 1292 1911 dantius
1315 1883 1345 1912 in
1365 1884 1430 1914 Vos
1444 1888 1617 1925 temporalia
1633 1886 1690 1916 Sua
1705 1889 1782 1918 dona
1798 1889 1901 1919 effudit
1917 1893 1929 1918 ’ἔ
1952 1890 2108 1930 Numquid
2124 1900 2177 1922 ex-

1175 1921 1319 1961 perientia
1339 1924 1443 1960 docet,
1462 1924 1491 1954 δε
1513 1926 1665 1966 Scriptura
1687 1928 1827 1958 testatur:
1848 1930 1955 1968 (Eccl.
1974 1934 2045 1968 33.)
2060 1932 2177 1961 multam

1176 1964 1316 1990 malitium
1340 1966 1429 1992 docuit
1443 1967 1565 2003 otiositas
1579 1970 1592 1994 ,2
1614 1966 1770 2006 Numquid
1793 1968 1855 1998 vita
1879 1971 1929 1999 illa
1951 1969 2066 2004 mollis,
2084 1979 2117 1999 ac
2132 1972 2178 2000 la·

1176 2001 1250 2030 bore
1273 2010 1366 2031 vacua
1380 2023 1388 2036 ,
1410 2012 1494 2041 quam
1517 2007 1630 2036 ducunt
1651 2015 1786 2044 potentes
1806 2008 1922 2044 saeculi,
1936 2009 2100 2048 periculosa
2117 2010 2175 2046 est,

1175 2039 1235 2069 imo
1253 2041 1315 2078 jam
1334 2042 1447 2081 pridem
1469 2045 1504 2072 ab
1526 2045 1691 2083 Evangelio
1713 2049 1895 2078 anathemate
1909 2046 2036 2087 percussa
2049 2051 2062 2077 3’
2077 2049 2176 2079 Num·

1176 2080 1248 2117 quid
1270 2083 1346 2110 homo
1367 2082 1459 2119 (teste
1472 2083 1626 2124 Scriptura
1647 2087 1743 2122 [Job.
1755 2091 1799 2125 5]
1815 2091 1829 2125 )
1851 2092 1972 2126 nascitur
1984 2091 2023 2117 ad
2039 2091 2177 2130 laborem»,

1178 2123 1204 2148 ἀ
1226 2125 1290 2149 avis
1310 2125 1350 2150 ad
1367 2126 1489 2152 volatum
1504 2126 1519 2151 ἓ

1217 2165 1227 2200 (
1239 2163 1383 2191 Duriorem
1393 2165 1758 2205 lahoremsaepizisfitstittent
1768 2169 1932 2204 mundani.)
1946 2170 2086 2196 Promittit
2096 2180 2177 2197 mutt-

1177 2202 1229 2228 dus
1252 2205 1415 2240 temporalia
1431 2205 1457 2232 cr
1473 2215 1583 2241 parva,
1598 2206 1750 2241 &servitur
1764 2212 1789 2235 ei
1803 2211 1937 2236 aviditate
1958 2213 2061 2247 magna*
2075 2219 2081 2236 :
2097 2212 2176 2238 Deus

1171 2244 1433 2278 promittiesummtz
1458 2245 1484 2271 Cr
1506 2255 1605 2273 aetertm
1621 2263 1631 2278 ‚
1662 2247 1689 2272 Cr
1712 2250 1861 2283 torpefiunt
1886 2250 2042 2276 mortalium
2066 2251 2147 2278 corda
2167 2268 2176 2283 ‚

1176 2280 1273 2318 inquit
1297 2280 1387 2311 Liber
1413 2283 1448 2310 de
1468 2282 1544 2312 Imit.
1571 2283 1675 2312 Christi
1717 2284 1755 2315 Et
1775 2288 1846 2316 vere
1870 2286 2176 2326 prose&6:quauti1m

1178 2322 1254 2348 enim
1270 2321 1404 2350 insudant
1419 2322 1553 2351 homiues
1565 2345 1574 2356 ‚
1588 2323 1639 2352 ubi
1655 2324 1730 2353 dere
1745 2327 1900 2364 temporali
1921 2327 2015 2364 agitur
2031 2336 2039 2360 ;
2057 2327 2086 2356 δε
2101 2338 2176 2358 con-

1177 2360 1220 2388 tra
1244 2361 1328 2397 quaxn
1360 2362 1461 2398 parum
1483 2361 1601 2391 solliciti
1628 2362 1714 2398 sunt,
1735 2365 1786 2394 ubi
1811 2367 1846 2395 de
1865 2367 1942 2395 sorte
1965 2366 2014 2394 sua
2041 2374 2148 2396 {eterna
2163 2370 2176 2396 ?

1177 2399 1305 2437 Quando
1331 2401 1514 2439 manipulum
1535 2401 1726 2440 pecuniarum
1754 2405 1862 2434 lucrari
1888 2406 1982 2443 sperat
2007 2415 2179 2442 mercator,

1178 2448 1232 2467 nec
1257 2448 1334 2467 mare
1352 2440 1452 2475 timet,
1475 2449 1527 2470 nec
1552 2442 1708 2479 scopulos,
1730 2452 1782 2473 nec
1805 2444 1953 2481 naufragia
1973 2456 1980 2474 :
2005 2445 2179 2484 superantur

1179 2479 1313 2507 alacriter
1335 2479 1518 2510 difficultates
1542 2481 1571 2510 ἃ
1594 2481 1723 2518 cujusvis
1736 2483 1849 2519 generis
1862 2485 1994 2522 pericula
2012 2495 2019 2517 ς
2043 2486 2103 2515 imo
2118 2487 2178 2515 vita

1177 2516 1238 2556 ipsa
1259 2518 1418 2548 discrimini
1441 2519 1582 2556 objicitur
1607 2531 1612 2548 ε
1634 2520 1770 2558 idemque
1793 2523 1908 2553 obtinet
1930 2523 1960 2552 in
1981 2524 2096 2561 lingulis
2119 2526 2179 2554 res-

1177 2557 1296 2595 peffive
1327 2560 1494 2588 mortalium
1521 2559 1661 2588 statibus.
1677 2581 1706 2589 ..
1728 2563 1769 2591 lta
1800 2562 1909 2592 scilicet
1932 2573 1988 2601 pro
2018 2565 2069 2594 vili
2093 2567 2178 2595 lucro

1179 2604 1269 2634 agunt
1290 2598 1434 2628 homines.
1463 2599 1513 2628 Au
1535 2599 1603 2629 solis
1626 2600 1695 2636 ergo
1719 2600 1931 2632 Sacerdotibus
1947 2623 1956 2638 ‚
1975 2607 2025 2641 qui
2056 2607 2092 2633 de
2114 2605 2179 2634 Sul·

1180 2636 1286 2665 vandis
1309 2637 1476 2667 Animabus
1489 2661 1497 2672 ,
1508 2638 1611 2668 Christi
1624 2639 1773 2678 Sanguine
1793 2643 1930 2673 redemtis
1940 2662 1950 2678 ,
1963 2652 2094 2680 certant,
2106 2646 2179 2675 lice·

1180 2675 1224 2705 bit
1245 2676 1344 2712 segnes
1367 2677 1420 2707 effe
1444 2687 1477 2707 ac
1501 2678 1607 2708 inertes
1621 2681 1636 2707 3’

1271 2717 1298 2751 P
