2414 3105
7 1390 10 1394 .
55 1364 126 1403 artis
150 1364 246 1402 perito
262 1367 276 1391 ?

607 125 908 199 'Dominiccz
933 124 1110 204 prima
1148 118 1587 204 Quadragefimae.

55 234 90 257 ut
110 226 125 256 ὲ
147 224 379 264 generalioribus
394 223 549 256 exordiar,
566 222 690 252 sufficiat
709 222 801 252 hodie
819 230 854 250 ex
877 220 934 250 hoc
950 219 1056 250 Christi

54 265 133 297 fafito
159 265 321 303 colligere,
341 265 427 302 quam
454 261 643 292 necessarium
667 263 697 292 iit
723 261 861 291 omnibus
876 280 884 294 ,
909 259 1056 303 Sacerdo-

55 307 130 335 tium
151 306 181 335 &
200 303 396 335 Ministerium
417 302 539 332 Sacrum
563 301 768 340 appetentibus
778 321 795 336 ,,
812 301 910 330 sedulii
930 307 963 342 ac
987 299 1057 327 dili-

55 345 136 382 genti
158 342 373 382 praeparatione
398 342 435 370 ad
451 348 538 370 >tanta
561 340 659 370 munia
685 341 712 370 se
736 348 846 379 aptare.
877 340 933 371 ΩΑ)
956 347 985 367 in
997 338 1056 367 So-

54 384 179 413 litudine
201 392 233 412 ac
250 381 363 411 Secess'u
387 380 633 419 praeparationeni
651 380 729 409 illam
751 379 805 409 effe
826 378 1008 411 faciendam,
1022 385 1055 405 ac

55 423 188 462 spiritum
209 421 291 451 illum
313 419 491 450 solitudinis
513 419 614 448 sedulo
639 420 654 448 ii
673 419 815 448 Ministris
839 418 937 447 Sacris
958 417 1056 447 custo-

37 463 204 493 rdiendum.
241 460 332 499 Quod
356 460 424 488 dum
448 459 626 497 aggredior,
651 459 764 488 animos
788 458 908 489 Vcstros
934 456 1058 493 erigite,

54 509 90 531 iit
113 501 208 530 semen
228 499 333 533 verbi,
352 500 434 536 quod
457 498 580 527 auribus
600 498 773 537 percipitiS,
799 497 913 529 radices
937 495 966 525 in
988 495 1056 524 Vo-

52 541 100 570 bis
121 547 186 577 agat
200 559 209 574 ,
231 537 260 568 &
279 539 384 568 cadens
407 537 437 568 iii
457 545 564 567 terram
586 539 715 573 bonam,
735 537 863 567 frussum
884 535 1055 573 centuplum

53 578 156 609 ¹saciat.
949 602 952 607 4

54 639 57 641 Α
93 620 264 656 (Neceffi‘tas
282 621 501 655 praeparationis
520 617 699 656 adstruitur.)
724 618 758 647 In
781 613 945 646 Ministerio
965 612 1058 643 Sacro

55 657 118 687 duo
139 657 290 696 praecipue
309 657 463 696 speetanda
481 656 607 686 veniunt
627 667 635 688 ς
657 665 760 695 nempe
780 655 841 694 ipsa
861 652 1058 685 Sacerdotalis

53 696 175 726 Ordinis
204 697 329 734 dignitas
345 716 354 731 ,
375 696 406 727 &
431 696 592 725 animarum
617 696 746 733 regimen
761 716 770 731 ‚
795 696 877 733 quod
903 691 1060 724 Sacerdoti
1084 718 1087 721 .

55 735 261 766 committitur.
285 739 357 774 (Ex
378 738 436 774 [Δρ-[ἂ
456 747 556 765 namra
575 737 758 772 sacerdotii.)
784 734 901 773 Quanta
922 731 1013 772 ports)
1028 732 1058 760 in

50 774 228 805 Sacerdotio
254 776 423 805 excellentia
444 785 477 805 ac
498 775 681 805 sublimitas!
709 775 817 813 quanta
839 774 869 803 in
894 773 1052 802 animarum

53 814 194 851 regimine
214 814 325 844 virtute
346 815 375 844 &
396 815 515 845 scientia
535 824 611 853 opus
632 814 686 844 est!
711 824 745 843 ac
768 812 895 852 proinde
910 811 975 850 quis
992 819 1052 840 non

52 853 159 888 -videt,
180 854 253 884 nulli
278 854 398 888 labori,
424 854 498 885 nulli
521 863 603 884 cui-:e
628 854 809 893 parcendum
823 873 832 889 ,
855 860 887 882 ut
914 852 949 881 ad
974 858 1054 880 tanta

36 893 154 923 ⁴munia
182 893 270 931 digne
294 893 406 923 animus
433 897 643 932 praeparetur?

97 935 187 962 Nulla
212 945 254 962 res
280 944 405 972 magna,
424 933 521 971 inquit
544 933 708 970 Gregorius
732 931 944 963 Nazianzenus
958 949 967 964 ‚
986 941 1056 967 pro-

56 974 178 1001 bationis
206 974 232 1001 ἃ
258 975 459 1009 explorationis
483 976 519 1010 est
543 984 660 1010 expers.
675 993 684 1001 .
699 993 707 1001 .
723 992 730 1000 .
756 972 886 1009 Idipsum
911 969 940 998 in
969 969 1056 998 rebus

79 1011 191 1041 rofanis
213 1011 355 1041 continua
376 1012 503 1050 probant
523 1011 664 1049 exempla.
698 1011 808 1040 Nullus
828 1008 1055 1038 administrando

89 1060 165 1088 egno
188 1051 346 1089 praeficitur
362 1070 371 1084 ,
396 1049 446 1078 nili
470 1050 522 1087 qui
547 1050 686 1079 fidelitate
708 1050 738 1079 in
762 1049 894 1086 Regem,
918 1047 1058 1090 diuturna

53 1089 88 1118 in
106 1091 193 1119 rebus
214 1090 332 1127 agendis
354 1088 490 1123 solertis,
506 1089 675 1126 vigilanti-Ii,
698 1088 871 1127 prudentia,
886 1087 1059 1123 caeterilque

56 1129 203 1162 dotibus,
223 1137 294 1165 quas
316 1127 482 1166 hujusmodi
505 1128 634 1157 sublimis
659 1129 745 1157 locus
768 1127 890 1165 requirit
904 1146 914 1159 ,
938 1125 1058 1163 dignum

52 1168 84 1196 -se
112 1167 308 1206 probaverit,
329 1177 362 1196 ac
389 1166 536 1205 Principis
558 1167 601 1198 sui
626 1167 864 1197 benevolentiam
886 1166 916 1195 fit
939 1174 1057 1203 prome-

57 1207 143 1236 ritus,
178 1206 264 1236 Nulli
286 1206 350 1236 tuto
374 1206 567 1236 committitur
589 1208 742 1237 ducendus
768 1206 915 1236 exercitus
930 1226 940 1239 ,
960 1204 1009 1233 nifi
1030 1204 1058 1233 ei

53 1246 109 1283 qui
127 1248 185 1284 jam
206 1255 257 1284 per
283 1246 380 1285 plures
405 1255 498 1275 annos
525 1246 699 1276 militaribus
725 1246 880 1275 laboribus
901 1245 930 1274 lit
950 1244 1059 1273 fractus

50 1285 90 1314 .&
109 1284 296 1314 exercitatus.
327 1285 466 1325 Quinimo
479 1308 487 1320 ,
505 1293 537 1315 ut
555 1287 591 1314 ad
615 1287 728 1316 minora
749 1286 975 1318 descendamus,
992 1283 1059 1321 quis

53 1325 215 1354 :edificium
240 1324 425 1361 dirigendum
449 1325 615 1355 committet
637 1326 688 1355 nili
710 1325 872 1355 architecto
897 1324 928 1353 in
951 1322 1058 1360 regulis

297 1364 371 1403 Quis
398 1365 445 1393 vel
466 1364 495 1393 in
522 1364 647 1394 minimis
675 1365 782 1403 opifice
808 1364 910 1402 aliquo
935 1370 1059 1396 utetur,

9 1418 28 1430 n
56 1403 108 1432 nili
133 1403 216 1433 illum
242 1403 308 1432 satis
336 1403 506 1433 instrufiium
533 1403 563 1433 δι
588 1413 725 1442 capacem
751 1404 871 1434 noverit
890 1424 899 1438 ‚
923 1410 955 1431 ut
983 1410 1058 1441 prm-

51 1443 197 1481 scriptum
223 1443 274 1472 fibi
301 1452 378 1481 opus
402 1443 501 1472 debite
526 1446 772 1481 exequatur?...
801 1444 844 1473 lta
867 1442 980 1473 scilicet
1003 1443 1060 1479 filii

55 1485 247 1519 liujus-licculi
265 1486 454 1519 prudentiores
472 1485 544 1519 filiis
563 1485 633 1511 lucis
652 1487 681 1511 in
700 1487 873 1522 generatione
882 1485 936 1519 sim
951 1484 1060 1518 sunt-..-

55 1521 146 1558 (Luc
177 1520 218 1550 16⁴
235 1521 247 1559 )
271 1521 372 1550 Nullis
391 1521 545 1551 laboribus
565 1522 715 1560 parcitur,
736 1530 768 1552 ut
789 1522 819 1551 in
840 1530 900 1551 arte
923 1521 972 1551 sua
993 1519 1060 1557 quis

50 1561 219 1590 excellat..
233 1581 240 1589 .
264 1560 331 1589 Nec
354 1560 558 1594 difficultates,
583 1570 636 1590 nec
661 1561 777 1600 vigilias
791 1582 801 1595 ,
824 1570 877 1591 nec
904 1561 1059 1592 sudorem,

53 1608 112 1629 nec
134 1599 302 1636 sanguinem
326 1609 429 1630 curant
456 1600 507 1629 filii
531 1601 684 1630 hominum
698 1623 705 1636 ,
725 1603 795 1630 dum
817 1602 853 1629 de
879 1599 1059 1638 acquirenda

28 1645 32 1649 ·
58 1638 201 1675 dignitate
222 1645 271 1668 aut
292 1639 415 1668 honoris
435 1638 524 1670 titulo
538 1662 546 1674 ,
566 1641 650 1668 brevi
673 1641 703 1670 'in
721 1641 835 1670 fumum
856 1639 996 1672 abituro,
1012 1646 1059 1666 res

51 1678 178 1715 egitur:
211 1677 241 1707 δι
263 1687 316 1709 nos
345 1679 533 1717 putabimus,
549 1686 647 1708 ‘artem
672 1679 798 1714 artium,
820 1688 919 1708 curam
946 1677 1059 1707 anima-

55 1725 141 1752 rum,
162 1717 331 1756 dignitatem
352 1719 430 1747 illam
448 1717 632 1753 sacerdotii,
651 1721 707 1757 quii
726 1721 819 1757 major
836 1726 885 1747 aut
905 1717 1059 1747 sublimior

57 1765 119 1786 non
151 1758 234 1786 datur
256 1756 286 1785 in
318 1758 401 1786 terris
417 1778 426 1792 ‚
456 1757 487 1787 &
510 1767 595 1795 quam
618 1758 727 1796 Angeli
749 1759 800 1797 ipli
827 1758 913 1788 nobis
936 1759 995 1795 (ut
1018 1756 1059 1785 ita

59 1796 191 1834 loquar)
212 1795 347 1826 invident
364 1817 373 1831 ‚
390 1797 486 1832 hanc,
504 1797 642 1834 inquam,
661 1797 832 1836 dignitatem
849 1805 986 1836 putamus
1003 1797 1059 1825 line

53 1836 183 1869 labore,
205 1835 261 1864 fine
281 1836 458 1873 probatione
472 1857 480 1871 ‚
502 1838 557 1866 fine
582 1836 800 1867 difficultatibus
825 1836 904 1876 poss'e
918 1835 1032 1873 acquiri
1049 1838 1055 1865 !

50 1895 54 1910 z
98 1874 304 1904 Sacerdotium
327 1883 455 1905 vocatur
483 1876 499 1905 ὲ
522 1875 573 1905 SS.
596 1877 734 1906 Patribus
753 1889 821 1915 opus
841 1880 895 1905 Dei
918 1877 1056 1905 excellen-

57 1916 194 1952 tiffz‘mum.
218 1916 348 1943 Omnium
367 1926 453 1945 rerum
476 1918 615 1956 caelestium
631 1921 750 1956 potestas
763 1937 820 1946 ....
844 1919 1055 1953 Omtiipotentiae

56 1956 171 1982 Divinae
201 1965 398 1992 organum...
433 1954 500 1984 Nec
523 1955 628 1984 mirum
651 1976 661 1991 ‚
701 1957 767 1985 etim
794 1955 934 1985 introitus
961 1955 1057 1993 Regni

54 1992 226 2036 Ctplorum,
250 1992 308 2022 imo
328 1993 410 2023 Deus
431 1993 491 2033 ipse
505 2014 514 2029 ,
537 1994 667 2024 Christus
689 1996 771 2027 Jesus
786 2018 794 2030 ,
815 1994 985 2025 Sacerdotis
999 2005 1056 2024 nu-

55 2038 100 2061 tui
121 2031 292 2070 subjiciatur
384 2033 486 2071 Atque
507 2034 573 2063 ideo
587 2036 655 2064 dum
669 2036 704 2064 de
722 2033 896 2064 sacerdotio
916 2036 989 2072 loqu
1001 2045 1058 2065 uri-

52 2078 104 2101 tur
128 2071 195 2100 Viri
220 2071 264 2101 illi
294 2072 481 2108 Sanffiffimi,
506 2075 586 2103 nulla
611 2074 768 2104 inveniunt
797 2075 966 2108 vocabula,
989 2074 1058 2112 qui-

55 2111 111 2139 bus
134 2111 335 2141 excellentiam
358 2113 419 2149 eius
445 2113 547 2151 possint
572 2114 756 2152 exprimere3
782 2114 810 2143 &
833 2123 894 2143 non
914 2113 965 2143 nili
990 2123 1056 2144 cum

51 2149 138 2180 >sacro
164 2152 293 2188 quodam
318 2152 443 2181 horrore
464 2161 497 2181 ac
529 2159 656 2183 tremore
682 2155 717 2182 de
742 2161 799 2183 tam
823 2153 932 2183 excelsa
962 2153 1058 2190 digni-

49 2195 115 2218 ·tate
137 2191 226 2219 verba
247 2190 423 2221 iaciunt...-
455 2191 611 2230 Numquid
631 2193 727 2222 adhuc
748 2202 826 2222 nunc
851 2192 928 2222 idem
948 2193 983 2221 est
1002 2193 1057 2222 Sa-

58 2229 222 2271 cerdotium
249 2230 353 2260 Christi
375 2232 458 2268 quod
482 2229 538 2260 fuit
560 2233 745 2270 temporibus
771 2233 889 2261 Parrum
910 2235 924 2259 ?
953 2232 1054 2261 Num-

57 2268 129 2303 quid
155 2271 286 2298 eamdem
315 2278 442 2299 meretur
472 2271 692 2306 reverentiam,
724 2272 919 2311 eumdemque
955 2272 1054 2301 hono·

56 2308 148 2347 remq?
167 2307 206 2336 Et
228 2308 319 2344 licet,
342 2309 418 2348 proh
439 2309 548 2340 dolor!
569 2311 759 2341 temerarii&
782 2310 895 2347 indigni
918 2311 1053 2349 aliquan-

57 2345 102 2388 do
121 2345 194 2374 illud
218 2349 377 2386 usurpent,
404 2357 439 2378 an
465 2357 624 2387 propterea
643 2352 680 2379 de
704 2350 880 2380 sublimitate
905 2350 954 2380 sua
974 2350 1054 2380 sacer

56 2384 106 2413 ille
127 2385 232 2420 gradus
252 2387 411 2425 quidquam
434 2389 567 2426 deperdit
625 2411 633 2418 .
657 2393 671 2417 3
975 2418 980 2421 ,

95 2424 109 2461 (
126 2426 173 2466 ξω
195 2429 385 2461 consecratione
408 2430 593 2466 Levitarum)
615 2429 768 2459 Attendite
781 2449 790 2463 ,
809 2436 931 2467 quantas
955 2428 1055 2459 Coere-

60 2470 195 2506 moniaS,
216 2472 337 2501 quantas
361 2467 588 2504 prtuparatioiies
610 2468 693 2498 Deus
719 2468 813 2505 exigat
836 2468 866 2497 in
895 2468 972 2498 libro
997 2470 1054 2498 Le-

60 2510 219 2547 vitici,'ut
240 2504 342 2533 Aaron
359 2505 387 2533 ἃ
409 2506 459 2535 filii
481 2508 542 2543 ejus
561 2507 590 2537 in
612 2508 787 2538 Sacerdotes
807 2508 1035 2539 consecrentur..
1048 2529 1056 2536 .

60 2540 151 2586 Iubet
176 2543 243 2572 illos
272 2542 352 2586 Deus
377 2543 500 2581 separari
529 2547 544 2574 a
576 2547 674 2576 medio
700 2546 820 2576 fratrum
846 2547 964 2577 suorum
981 2568 990 2582 ,
1021 2557 1054 2577 ac

59 2589 154 2626 varus.
175 2584 401 2625 purgationibus
423 2586 601 2620 mundatos,
626 2586 800 2616 vestimentis
831 2586 964 2624 pretiosis
987 2587 1054 2617 illos

51 2621 127 2663 ‚yult
149 2622 232 2649 indui
252 2632 257 2650 z
282 2630 383 2650 manus
404 2630 506 2651 eoruni
530 2626 737 2654 consecrantur
754 2638 761 2657 .-
788 2627 885 2656 oleum
904 2626 1054 2656 unCtionis

18 2678 21 2681 -
56 2668 87 2688 in
109 2668 197 2699 caput
224 2660 408 2697 etl'unditur3
434 2661 538 2692 diverfi
559 2664 672 2701 generis
695 2665 885 2696 immolantur
907 2665 1054 2703 vifflmae,

1125 222 1136 257 (
1152 219 1228 248 Lev.
1240 219 1288 257 8.)
1307 218 1337 248 δι
1357 227 1456 248 earum
1478 217 1617 254 sanguine
1636 215 1827 255 asperguntur
1845 215 1896 256 ipfi
1917 214 1946 246 δε
1961 214 2133 252 vestimenta

1126 267 1251 292 eorum,
1274 266 1361 296 atque
1387 259 1450 287 liaec
1480 256 1579 286 omnia
1608 265 1660 294 per
1682 256 1788 294 septem
1814 256 1875 286 dies
1899 254 2059 286 continuos
2082 263 2129 284 re-

1126 305 1267 335 petuntur
1286 310 1295 333 ‚—
1318 297 1377 327 imo
1399 304 1467 327 toto
1488 296 1543 326 illo
1566 302 1721 344 tempore,
1748 295 1799 323 sub
1819 305 1902 333 poena
1929 294 2031 325 mortis
2046 315 2056 329 ‚
2080 293 2129 322 die

1126 346 1159 366 ac
1183 338 1270 367 noue
1292 346 1408 367 manere
1431 334 1586 368 debentjn
1607 334 1816 363 'Iabernaculo
1831 356 1840 368 ‚
1862 332 2051 364 observantes
2063 333 2130 364 cus-

1125 376 1222 406 todias
1249 376 1391 411 Domini,
1416 384 1469 405 nec
1494 374 1554 404 alio
1579 373 1648 403 cibo
1673 372 1752 402 vesci
1773 371 1904 410 possunt,
1929 373 1979 402 nifi
2000 375 2036 402 de
2060 371 2129 403 hos-

1125 416 1173 446 tiis
1199 415 1229 445 &
1255 416 1380 454 panibus
1405 415 1435 444 iu
1460 413 1557 444 Altari
1582 412 1690 442 oblatis
1715 411 1744 441 &
1766 411 1956 441 munificans

1122 476 1125 479 Δ
1162 455 1336 494 Quorsum,
1368 454 1492 493 quaeso,
1524 461 1630 482 vomnes
1658 450 1703 480 illi
1738 450 1826 480 Ritus
1850 451 1880 480 δι
1905 451 2096 481 Caeremoniae
2114 455 2129 479 ?

1124 493 1194 531 quid
1215 502 1297 524 totus
1323 494 1372 524 ille
1391 501 1549 532 apparatus
1576 490 1732 529 fignificat,
1759 489 1809 519 nifi
1829 490 2032 528 dispositiones
2044 490 2107 520 illas
2120 512 2130 525 ,

1124 542 1192 571 quae
1213 534 1374 572 aliquando
1396 535 1431 562 ad
1457 531 1664 563 Sacerdotium
1686 529 1787 574 Novbae
1816 530 1902 566 Legis
1930 529 2016 567 digne
2039 529 2129 559 susci-

1125 572 1266 612 piendum
1288 573 1532 611 requirerentur,
1555 571 1639 609 eujus
1658 577 1719 599 non
1739 569 1790 599 nili
1816 571 1907 606 figura
1929 569 1958 598 &
1980 569 2083 598 umbra
2099 569 2131 599 in

1125 612 1284 643 Aaronico
1305 613 1505 651 deiignabatur
1530 613 1543 638 .2
2066 642 2071 646 .

1166 652 1197 681 Si
1218 652 1258 681 ita
1281 652 1437 691 praeparari
1463 649 1574 680 necesse
1599 656 1660 679 erat
1683 648 1758 678 filios
1775 647 1876 682 Levi,
1897 647 1948 686 qui
1970 647 2130 678 solummo-

1124 691 1167 721 ,do
1199 691 1367 730 sanguinem
1400 690 1570 721 animalium
1598 689 1628 719 in
1654 687 1750 718 Altar'i
1778 687 1964 718 offerebant:
1993 688 2130 724 qualem,

1128 731 1252 768 quaeso,
1276 731 1520 770 praeparationem
1547 729 1641 767 exiget
1663 726 1870 757 Sacerdotium
1895 726 2131 763 Evangelicum.

1122 770 1330 801 Sacerdotium
1349 770 1425 801 illud
1451 769 1678 808 'auguffiffimum
1692 770 1705 795 9
1728 767 1761 796 1η
1786 776 1848 804 quo
1878 767 2074 804 deputamur,
2097 772 2130 795 ut

1124 811 1209 839 simus
1233 810 1444 849 dispensatores
1465 808 1675 849 My-steriorum
1698 806 1779 839 Dei;
1805 813 1837 835 ut
1860 805 2064 835 consecremus
2083 805 2130 849 ip7

1121 850 1184 880 sum
1209 850 1327 888 Corpus
1356 849 1387 879 &
1418 849 1598 886 Sanguinem
1621 846 1727 877 Christi
1755 857 1760 875 :
1795 853 1828 874 ut
1860 845 1876 873 a
1914 845 2029 883 populo
2052 844 2130 874 fideli

1123 889 1197 919 iram
1217 889 1276 918 Dei
1296 898 1463 919 avertamus
1481 898 1560 920 :non
1578 887 1697 925 quidem
1707 885 1861 916 fundendo
1884 883 2051 921 sanguinem
2067 884 2129 912 hir-

1125 927 1233 958 corum'
1255 936 1306 958 aut
1338 929 1526 962 vitulorum,
1556 928 1604 957 sed
1633 927 1767 956 manibus
1798 924 1901 954 nostris
1925 924 2079 953 tractando
2098 923 2129 954 Ge

1125 967 1307 998 immolando
1332 968 1452 1006 Agrium
1477 968 1560 997 illum
1584 966 1803 996 immaculatum
1820 984 1829 998 ‚
1850 963 1900 1001 qui
1924 963 2039 1007 abstulit
2059 971 2129 1001 pec-

1126 1015 1190 1036 cata
1211 1006 1334 1037 mundi:
1360 1014 1391 1036 ut
1417 1007 1513 1044 ignem
1534 1008 1730 1037 accendamus
1755 1004 1784 1034 in
1799 1003 1922 1034 Altini:
1947 1012 2008 1032 non
2033 1011 2128 1039 ignem

1126 1047 1304 1075 materialem
1320 1067 1330 1081 ‚
1362 1055 1448 1083 quem
1472 1046 1503 1075 iri
1531 1046 1627 1075 Altari
1647 1045 1746 1082 ligneo
1780 1042 1950 1072 nutriebant
1977 1041 2092 1071 Levita:
2119 1063 2129 1076 ,

1122 1085 1172 1113 sed
1206 1086 1320 1114 sacrum
1349 1085 1432 1114 illum
1460 1085 1566 1115 Divini
1590 1085 1698 1114 amoris
1719 1083 1837 1120 ignem,
1875 1090 1936 1119 quo
1966 1081 2131 1111 accendere

1125 1125 1265 1153 debemus
1289 1126 1379 1154 corda
1402 1125 1552 1154 fidelium:
1577 1124 1606 1153 in
1625 1133 1686 1161 quo
1717 1121 1843 1160 denique
1868 1120 2045 1150 Sacerdotio
2067 1129 2129 1149 non

1121 1163 1222 1200 agitur
1241 1165 1277 1193 de
1297 1164 1435 1193 intrando
1457 1164 1581 1194 subinde
1603 1162 1777 1192 Sanetuario
1791 1181 1799 1195 ,
1819 1160 1959 1190 manibus.
1974 1159 2128 1190 hominurn

1122 1202 1288 1233 fabrefacto
1306 1214 1313 1235 ;
1340 1204 1387 1233 sed
1408 1203 1438 1234 in
1462 1213 1523 1241 quo
1543 1212 1598 1233 iios
1617 1202 1668 1241 ipli
1688 1201 1895 1231 consecramur
1916 1199 1946 1229 in
1970 1199 2127 1237 Templum

1127 1242 1207 1277 Dei,
1228 1243 1258 1272 in
1283 1243 1454 1273 Sannum-ia
1478 1242 1622 1272 Viventia
1637 1262 1646 1276 ,
1673 1241 1703 1270 iu
1730 1241 1838 1279 quibus
1858 1239 1945 1268 Deus
1968 1238 2129 1282 *Majest'atis

1125 1282 1293 1317 inhabitat,
1318 1290 1350 1312 ut
1376 1282 1405 1312 &
1431 1292 1486 1313 nos
1510 1282 1588 1321 ipsos
1613 1281 1770 1311 siritiificet
1799 1280 1827 1310 &
1854 1287 1906 1317 per
1921 1278 2127 1322 'ministerium

1127 1321 1257 1351 nostrum
1279 1323 1401 1353 oracula
1421 1323 1471 1352 sua
1497 1322 1631 1352 fidelibus
1654 1319 1812 1350 manifestet
1833 1339 1854 1348 .,
1868 1340 1875 1347 .
1897 1317 1928 1346 Si
1952 1326 2053 1356 itaque
2075 1317 2128 1346 sub

1127 1370 1211 1400 poena
1231 1362 1334 1391 mortis
1352 1370 1432 1391 tanta
1449 1362 1626 1400 przrparatio
1647 1359 1814 1399 praescripta
1832 1357 1922 1387 fuerit
1936 1357 1958 1386 F
1961 1357 2020 1387 iliis
2036 1356 2108 1400 Levi
2119 1379 2129 1391 ,

1128 1409 1238 1439 quanta
1263 1402 1278 1430 ἐι
1306 1401 1392 1431 nobis
1417 1401 1599 1439 requiritur,
1622 1399 1821 1429 Dileetillimi'!
1851 1397 1951 1431 Nam,
1975 1406 2007 1428 ut
2030 1397 2127 1434 inquit

1127 1441 1291 1480 Apostolus
1313 1442 1412 1480 (Heb.
1444 1442 1515 1477 10.)
1539 1445 1646 1470 irritam
1675 1443 1737 1477 quis
1761 1441 1876 1476 firciens
1905 1439 1990 1476 legem
2014 1438 2129 1474 Moyfi.

1120 1483 1180 1519 fine
1201 1483 1259 1509 ulla
1279 1484 1451 1517 mifiratione
1466 1503 1472 1509 .
1486 1502 1512 1510 ..
1534 1485 1670 1514 moritum·
1690 1481 1795 1518 quanti)
1817 1480 1908 1517 magis
1919 1480 2032 1514 putatis
2051 1480 2127 1505 ‹lete-

1129 1525 1202 1549 riora
1225 1525 1316 1550 mer-eri
1329 1523 1489 1560 supplicia,
1510 1524 1557 1558 qui
1581 1523 1684 1549 Filium
1702 1523 1758 1549 Dei
1778 1518 2127 1551 conculcaveritVG-San-

1126 1564 1238 1598 guinem
1260 1564 1421 1599 Testamenti
1439 1562 1578 1598 pollutum
1598 1562 1729 1594 duxerit,
1746 1563 1776 1596 ἰῃ
1796 1570 1848 1595 quo
1862 1558 2054 1593 fiatifflficarus
2070 1559 2126 1594 esti

1131 1602 1157 1627 C«
1174 1603 1290 1638 spiritui
1313 1605 1411 1638 gratim·
1436 1602 1629 1629 contumeliam
1646 1602 1746 1636 jecerit
1760 1601 1773 1626 ’.ἶ
1796 1598 1835 1627 Et
1857 1595 1990 1635 profecto
2011 1595 2127 1641 filiun}

1129 1637 1187 1677 Dei
1221 1639 1339 1678 ejusque
1362 1639 1540 1677 Sanguinem
1566 1640 1746 1673 conculcat,
1770 1646 1804 1667 ac
1837 1638 1974 1666 summam
2002 1636 2128 1673 Spiritui

1128 1677 1238 1708 Sanffio
1259 1678 1346 1709 insert
1371 1678 1580 1709 coutumeliam
1596 1701 1604 1713 ,
1624 1678 1675 1716 qui
1697 1676 1816 1714 indigne
1834 1675 1953 1713 suscipit
1974 1678 2125 1715 augustum

1128 1716 1201 1747 illud
1218 1719 1337 1749 Ordinis
1356 1718 1597 1752 Sacramentum„
1614 1719 1695 1755 quod
1709 1716 1838 1747 Christus
1856 1726 1893 1747 eo
1911 1717 1968 1744 fine
1985 1717 2127 1749 instituit·

1129 1765 1162 1786 ut
1181 1758 1211 1787 in
1232 1767 1269 1788 eo
1289 1758 1451 1795 larg-‘inimus
1476 1757 1608 1787 conserat
1628 1757 1735 1794 gratias
1748 1779 1757 1792 ‚
1776 1756 1883 1794 quibus
1903 1756 1932 1786 δι
1957 1757 1985 1786 se
2009 1758 2038 1786 δι
2053 1759 2126 1787 fide-

1128 1795 1170 1825 les
1195 1807 1275 1828 curoe
1300 1798 1359 1826 suit:
1382 1798 1562 1826 mandandos
1589 1796 1734 1827 Sacerdos
1757 1796 1936 1826 sanctificare
1958 1797 2064 1827 valeat.

1168 1841 1182 1874 (
1202 1841 1251 1866 Ex
1271 1841 1474 1875 praeparatione
1503 1838 1796 1871 catechumenorum.)
1824 1835 1857 1865 Si
1887 1836 1965 1865 aliud
1984 1836 2126 1874 ,quaeritis

1128 1879 1312 1916 exemplum,
1338 1886 1373 1906 ex
1399 1886 1459 1914 quo
1480 1876 1628 1914 patescat,
1649 1877 1757 1914 quantit
1784 1874 1820 1903 ad
1842 1875 2043 1914 suscipiendos
2066 1878 2124 1905 Or-

1126 1916 1207 1946 dines
1231 1917 1447 1955 praeparatione
1469 1925 1545 1953 opus
1576 1916 1628 1949 fit,
1655 1915 1814 1948 attendite,
1840 1915 1912 1952 quid
1935 1916 1949 1944 a
1974 1916 2123 1945 Catec'hu-

1125 1956 1219 1985 menis
1239 1956 1358 2000 antiqua
1382 1955 1520 1985 Ecclesia}
1542 1954 1771 1995 disciplinapro
1795 1954 1981 1993 suscipiendo
2007 1955 2122 1994 Baptis-

1126 2003 1201 2025 mate
1223 2004 1360 2032 exegerit.

1116 2061 1122 2065 .
1166 2035 1248 2065 Anni
1271 2034 1376 2072 integri
1395 2043 1455 2064 non
1478 2033 1655 2064 videbantur
1678 2034 1763 2064 nimis
1797 2032 1879 2071 longi
1902 2033 2061 2068 Ecdeme,
2089 2040 2123 2063 ut

1126 2076 1162 2104 ad
1182 2082 1291 2104 tantam
1312 2074 1431 2112 gratiam
1452 2074 1688 2104 Catechumenos
1710 2074 1778 2103 suos
1799 2072 1949 2103 formaret.
1985 2073 2122 2112 Quieo-

1125 2123 1190 2144 rum
1213 2123 1336 2144 numero
1363 2113 1502 2151 adscripti
1527 2122 1608 2142 erant
1624 2135 1632 2147 ,
1656 2115 1747 2150 longo
1775 2121 1907 2152 tempore
1932 2121 2022 2143 coetus
2038 2111 2121 2142 -fide-

1122 2155 1195 2184 lium
1221 2152 1250 2183 δι
1270 2154 1413 2183 Ecclesias
1430 2152 1663 2190 frequentabant.
1695 2152 1839 2182 Funditus
1857 2152 2069 2183 instruebantur
2085 2154 2121 2182 de

1124 2193 1279 2233 principiis
1303 2192 1510 2223 Christianismi
1524 2213 1532 2226 ‚
1552 2192 1582 2222 &
1602 2193 1637 2221 de
1659 2192 1830 2222 excellentia
1846 2192 2009 2229 Religionis
2022 2193 2121 2227 illius,

1124 2233 1173 2263 cui
1199 2234 1339 2262 volebant
1366 2241 1473 2261 nomen
1499 2232 1577 2260 dare.
1611 2231 1660 2260 Ad
1684 2241 1773 2270 opera
1799 2231 1920 2261 Pietatis
1941 2234 2119 2263 exerceban-

1123 2281 1171 2302 tur
1191 2281 1242 2310 per
1268 2272 1418 2302 orationes
1441 2270 1598 2300 continuas
1612 2291 1620 2304 ,
1637 2272 1746 2309 jejunia
1759 2291 1768 2304 ,
1790 2271 1982 2301 abstinentias.
2018 2272 2119 2311 Subji-

1123 2312 1278 2342 ciebantur
1300 2311 1388 2340 vari'is
1406 2309 1554 2339 scrutiniis
1572 2320 1580 2341 ς
1602 2312 1803 2348 purgabantur
1824 2311 1999 2341 exorcismis.
2031 2311 2119 2342 Nulli

1122 2352 1296 2390 parcebatur
1310 2350 1417 2382 vlabori
1431 2370 1440 2383 ‚
1459 2356 1491 2378 ut
1515 2350 1530 2377 ‘a
1555 2350 1666 2379 mundo
1694 2350 1810 2388 ejusque
1835 2350 2015 2382 vanitatibus
2035 2353 2117 2383 'avo-

1122 2399 1259 2420 carentur
1282 2390 1566 2420 catechumenorum
1582 2390 1671 2419 animi
1686 2410 1694 2423 ,
1714 2398 1745 2419 ut
1767 2390 1807 2418 ita
1829 2390 1940 2429 pulsent
1957 2392 1986 2422 in
2002 2393 2117 2424 Christo

1121 2430 1311 2468 spiritualiter
1330 2428 1456 2462 renasci,
1473 2427 1502 2457 ἃ
1522 2429 1642 2466 gratiam
1662 2429 1801 2467 Baptismi
1818 2432 1905 2468 digne
1924 2432 2116 2472 suscipere...

1124 2470 1232 2507 Neque
1252 2470 1287 2498 ad
1308 2478 1370 2498 eam
1385 2490 1394 2503 ‚
1414 2469 1500 2497 etiam
1521 2467 1583 2506 post
1600 2477 1657 2498 tani
1679 2470 1780 2506 longas
1803 2468 1832 2498 δι
1854 2471 2030 2511 multiplices
2044 2483 2116 2512 pro-

1122 2509 1256 2539 bationes
1279 2508 1527 2541 admittebantur,
1555 2508 1624 2542 nili,
1654 2509 1789 2546 expetitis
1812 2511 1962 2540 multoties
1989 2513 2117 2544 fidelium

1122 2548 1264 2586 suffragiis
1278 2569 1287 2581 ,
1305 2556 1479 2586 appareret,
1502 2548 1558 2577 hoc
1585 2557 1636 2577 eos
1661 2548 1806 2578 beneficio
1826 2549 1930 2587 dignos
1954 2551 2048 2586 effes„-

1162 2589 1205 2617 lta
1231 2587 1327 2617 aureis
1352 2588 1408 2616 illis
1433 2586 1544 2616 saeculis
1577 2590 1697 2617 curabat
1725 2587 1887 2625 Ecclesia„
1908 2599 1943 2619 ne
1972 2591 2000 2620 in
2025 2590 2113 2630 sirium

1121 2626 1203 2656 suum
1231 2627 1394 2656 admitteret
1422 2627 1582 2655 membrum
1605 2627 1726 2664 aliquod
1751 2628 1901 2666 putridum
1927 2637 1977 2659 aut
2002 2631 2116 2663 Christo

1118 2667 1226 2705 ,Cupite
1245 2666 1306 2697 Suo
1328 2667 1422 2697 minus
1446 2666 1614 2703 dignum...
1639 2668 1741 2707 Atque
1760 2667 1829 2698 inde
1850 2667 1981 2707 colligite
1996 2679 2113 2709 >quanto

1513 2713 1556 2754 G
