2414 3105
446 145 552 187 van
575 127 724 210 sjsne
753 127 1301 215 Hoogweerdiglzeyd
1319 136 1376 212 J.
1412 136 1477 195 T.
1499 139 1558 215 J.
1587 135 1820 199 lVellens.
2104 157 2177 218 05

103 230 294 269 Convenit,
309 227 412 272 inque
431 228 561 263 Scholis
579 225 609 261 se
631 227 750 268 offert,
771 227 972 262 documenta
992 229 1103 265 latinae

103 282 155 319 Ur
173 278 273 314 discat
293 273 437 324 linguae}
459 279 551 311 statui
576 276 735 320 produxit
756 280 890 322 utrique

106 330 275 363 Laudatos
295 326 504 369 celebresque
524 327 626 359 Viros
638 348 648 364 ,
668 336 753 367 quos
770 327 897 369 postera
915 324 953 360 fle
961 324 1011 361 cla

107 379 380 412 Commemorent
397 390 404 410 ε
426 374 600 421 Augustini
617 373 802 419 appellatur
828 375 938 408 Eremi

103 428 320 470 Gymnasium
339 428 492 464 Patrum;
514 426 657 458 Puerum
678 425 878 465 Materque,
899 425 992 458 Pater
1006 435 1069 467 que

107 475 220 511 Mittit
243 479 299 512 eo,
320 473 405 508 latiae
428 482 464 506 ut
484 472 586 507 discat
603 474 786 517 primordia
807 473 939 518 linguae.

107 526 187 559 Huc
208 524 303 557 turba
322 522 392 556 tota
411 522 501 556 venit
520 523 690 557 exultante
713 522 933 563 studentum,

105 576 152 608 Et
172 575 395 615 Praeceptores
423 573 604 607 monstrant
628 571 822 614 classemque
835 595 844 610 ,
863 571 1055 614 locumque.

106 620 293 667 Ingreditur
311 620 467 664 latiaeque
486 623 585 656 docet
608 621 786 665 primordia
804 619 926 665 linguae

105 673 315 713 Praeceptor,
338 669 499 713 librisque
514 674 679 719 Juventus
700 670 792 703 audit
811 673 940 713 apertis.

105 720 189 761 Quis
210 721 359 755 Studium
378 722 495 760 Pueri,
517 725 592 764 quis
613 729 678 754 tam
699 720 914 766 juvenilibus
933 721 1028 752 annis

107 768 262 813 Explicet
283 767 451 802 insolitum
473 770 606 810 zelum,
628 777 838 811 mentemque
862 768 1062 803 volucrem?

108 819 261 853 Auribus
283 819 417 853 arrectis
438 818 619 858 auscultat,
642 820 744 852 verba
766 819 918 863 Magistri

108 867 244 911 Excipit
261 868 425 908 intentus,
445 878 514 902 non
539 879 644 902 unum
665 871 815 911 praeterit
831 877 943 920 aures,

108 916 260 950 Primum
282 915 318 950 ut
338 919 418 952 flava
438 921 536 951 rubet
557 917 655 952 stellis
675 920 808 951 Aurora
828 915 951 968 iugatis
964 937 974 954 ,

110 965 283 999 Incumbit
305 966 416 1000 studiis
429 990 438 1006 ‚
459 965 727 1008 Instructorisque
752 963 894 999 revolV1t

111 1014 212 1048 Dicta
234 1013 278 1048 sui
302 1029 309 1049 :
330 1014 498 1057 librosque
517 1016 620 1062 legit,
639 1025 708 1048 nox
728 1017 796 1047 otia
814 1021 908 1045 terrae

111 1064 206 1097 Dum
231 1065 356 1104 donat,
375 1063 576 1107 suadentque
596 1066 746 1098 cadentia
764 1060 877 1104 sydera
899 1059 1041 1094 somnos.

111 1113 285 1146 Mirantur
307 1113 415 1146 zelum
435 1114 554 1152 Pueri,
578 1117 738 1146 mirantur
758 1117 898 1143 acumen

113 1161 242 1206 Ingenii
260 1162 470 1203 studiumque
489 1162 648 1197 invictum
662 1184 671 1199 ,
689 1168 893 1203 operamque
913 1155 1062 1197 virilem,

111 1211 286 1253 Praecipue
310 1210 511 1253 Instrucror3
529 1219 632 1244 certat
655 1206 796 1242 studioso
812 1208 968 1250 juventus

115 1259 245 1292 Interea
258 1282 267 1298 ,
287 1263 501 1302 primumque
525 1261 616 1293 ardet
639 1258 856 1301 quiscumque
873 1255 1082 1299 trophoeum3

114 1308 232 1343 Adstat
253 1314 392 1344 certanti
413 1311 517 1343 Puero
537 1320 610 1342 cum
632 1307 762 1342 Pallade
782 1306 922 1340 Phoebus
935 1328 946 1344 ‚

113 1360 299 1401 Affistitque
322 1359 416 1393 labor
441 1363 592 1403 proprius
619 1369 629 1399 3
651 1356 869 1401 supereminet
892 1363 1029 1393 omnes,

112 1408 302 1453 ‘Victorque
321 1409 486 1453 egreditur
509 1410 688 1442 certamine
712 1403 865 1450 parvulus
886 1405 1006 1438 Heros.

112 1457 189 1491 Nec
206 1458 312 1492 vicifl‘e
335 1456 436 1490 semel
454 1456 528 1492 satis
548 1458 592 1492 est
609 1470 616 1491 :
636 1466 757 1501 augere
777 1452 962 1498 triumphos

114 1507 193 1539 Fert
213 1506 358 1545 animus,
380 1507 524 1549 vereque
547 1515 642 1552 auget
655 1516 667 1544 ,·
689 1503 744 1538 sex
767 1508 887 1547 quippe
907 1512 964 1544 per
982 1511 1088 1537 annos

114 1554 250 1599 Exci-pit
269 1556 543 1600 Augustiniadum
568 1558 769 1590 documenta
790 1555 972 1592 Virorum,

112 1605 256 1639 Annuus
277 1607 307 1638 &
328 1604 445 1638 W’ietor
464 1604 574 1640 lauros
598 1615 675 1638 cum
701 1606 862 1640 mensibus
883 1608 1004 1643 aequat.

115 1654 207 1688 Hinc
228 1655 366 1687 Montes
390 1654 491 1696 petit,
515 1658 545 1689 ει
564 1655 650 1689 latia·
673 1654 767 1696 juvat
791 1653 908 1687 addere
930 1650 1054 1694 linguae

113 1704 278 1749 Linguam
301 1703 552 1749 Francigenum.
586 1702 696 1737 Tellus
717 1711 874 1737 montana
894 1698 1038 1744 sagacem

114 1753 260 1785 Miratur
285 1749 428 1785 mentem
449 1755 607 1799 Juvenis,
627 1754 818 1798 gaudetque
835 1752 956 1809 videre.

115 1802 190 1835 Post
213 1799 366 1844 quasdam
385 1801 474 1835 luces
496 1806 666 1836 concurrit
690 1803 787 1836 turba
810 1801 1018 1837 studentum,

114 1852 159 1885 Et
182 1850 273 1883 venit
294 1849 327 1882 in
354 1861 514 1894 campum.
548 1853 659 1886 Certat
683 1850 938 1888 WELLENIA
957 1844 1088 1891 proles,

113 1897 369 1942 Exuperansque
390 1899 511 1934 iterum
532 1901 707 1935 redimitur
727 1909 877 1944 tempora
901 1897 1006 1951 lauro.

114 1950 283 1992 Tempora
299 1950 368 1991 post
387 1951 499 1984 Suadae
512 1973 522 1989 ‚
542 1950 703 1992 studiique
724 1950 854 1994 expleta
880 1947 1016 1980 minoris

116 1994 257 2032 Artibus
276 1995 460 2032 informare
480 2003 625 2033 animum
654 2000 836 2042 majoribus
860 1999 971 2037 ardet,

118 2043 373 2091 Lovaniumqu'e
395 2051 498 2091 petit,
516 2048 607 2083 suam
631 2051 692 2082 ubi
712 2048 874 2093 Sapientia
896 2045 1004 2080 iedem

117 2095 224 2140 Fig'u,
242 2097 399 2141 quodque
419 2097 499 2131 colit
520 2098 646 2131 cunetis
670 2103 770 2144 magis
792 2097 931 2131 urbibus
950 2105 1062 2129 unum.

119 2144 188 2176 Hic
210 2146 327 2178 domus
345 2146 475 2191 insignis
492 2151 507 2187 (
523 2147 700 2181 Falconem
724 2148 860 2181 nomine
883 2146 1023 2188 dicunt>

120 2192 164 2225 Et
184 2193 293 2226 studiis
314 2194 456 2236 fl01·ens;
475 2198 564 2241 quod
588 2197 863 2244 inexpugnabile,
883 2196 1032 2229 Castrum

118 2240 245 2283 saepffis
265 2252 450 2288 expugnat,
472 2247 579 2279 Por-co
599 2246 728 2280 laurum
750 2246 866 2289 eripit,
886 2255 985 2288 atque

123 2289 233 2328 Lino,
253 2293 283 2323 ὅτ
304 2290 340 2324 iit
361 2293 459 2327 Falco
481 2293 634 2330 volucres
647 2320 656 2335 ,
675 2296 815 2341 collegia
834 2295 939 2329 vincit

121 2337 192 2371 Prre
213 2338 348 2381 reliquis
366 2341 448 2386 legit
466 2344 551 2377 hanc
571 2345 698 2389 Sophite
715 2345 948 2379 adscribendus
967 2344 1117 2379 alumnis.

123 2389 236 2421 Tertia
258 2391 312 2421 ViX
332 2387 417 2422 lssnae
439 2391 470 2426 se
494 2404 616 2427 cornua
635 2394 762 2430 lumine
784 2394 972 2437 complent,

123 2436 212 2476 QUin
236 2436 336 2470 Falco
362 2439 488 2482 stupeat
509 2451 601 2477 tanto
622 2444 748 2490 gavisus
768 2444 942 2483 Alumno3

125 2485 202 2518 Nee
222 2487 360 2528 fflifflffl3
380 2491 616 2535 quodcumque
634 2493 716 2528 alios
734 2493 833 2533 latet,
857 2491 979 2532 absque
1001 2490 1119 2526 labore

122 2535 302 2579 Concipit,
324 2540 368 2571 est
388 2543 454 2573 acri
476 2540 560 2574 nihil
582 2541 833 2586 impenetrabile
858 2544 970 2575 menti.

123 2583 294 2620 Mentibus
315 2586 440 2621 interea
464 2588 684 2625 crescentibus
705 2593 805 2626 ardua
826 2589 976 2624 crescunt

123 2636 306 2674 Enodanda
329 2639 467 2682 Sophis5
484 2637 580 2673 labor
604 2639 718 2687 ingens
747 2642 847 2677 corda
867 2637 980 2687 fatigat
1001 2648 1012 2681 ;

2103 188 2136 201 A

1174 235 1298 267 Omnes
1321 233 1482 269 mirantur
1496 260 1506 276 ,
1529 245 1619 271 totus
1641 236 1727 273 sacer
1753 243 1843 275 Ordo
1866 240 2016 287 stupescit

1175 283 1307 315 Durum
1332 282 1403 317 aliis
1426 286 1472 318 est
1492 284 1580 319 lusus
1604 290 1658 328 ei;
1680 299 1778 330 quem
1804 289 1937 333 quisque
1959 291 2090 336 planeta

1175 330 1290 364 Casum
1314 333 1451 373 habeat,
1475 333 1582 368 rutilo
1605 339 1636 369 ὅτ
1661 338 1822 379 quidquid
1842 337 1997 385 fulgescat
2009 341 2172 387 Olympo,

1176 381 1227 413 Ut
1248 381 1347 414 docet
1368 384 1569 423 Instrmstor,
1592 386 1824 428 comprendit3
1846 387 1968 423 semina
1988 400 2098 424 rerum

1176 429 1377 463 Cunctarum
1402 429 1572 474 causasque
1596 432 1702 476 capit;
1724 437 1885 470 reboante
1905 439 2036 472 tonitru

1175 477 1349 521 Sulphurei
1372 477 1499 514 trifidos
1522 483 1602 524 quid
1626 481 1732 516 causet
1756 481 1904 520 fulminis
1927 490 2039 531 ignea,

1174 527 1256 568 Quae
1279 529 1314 560 sit
1336 528 1431 575 origo
1455 533 1563 569 nivis,
1586 529 1794 574 pluviaeque,
1816 536 1846 567 &
1868 536 2057 579 grandinis,
2075 544 2174 583 atque

1176 577 1246 609 Cur
1269 580 1359 610 venti
1379 579 1502 613 adversi
1523 578 1586 614 sese
1607 584 1641 614 in
1663 584 1842 614 certamina
1862 583 2022 626 poscant,

1176 625 1287 666 Quare
1308 624 1472 661 subsidant
1494 630 1591 662 undae
1605 652 1615 668 ,
1637 628 1862 673 inflenturque
1884 632 2027 667 vicissim.

1175 673 1261 708 Htec
1284 677 1341 709 ubi
1361 676 1514 722 pervigili
1538 678 1639 712 Falco
1662 680 1753 713 videt
1775 679 1887 713 omnia
1911 689 2022 715 mente
2036 705 2047 721 .

1180 723 1312 757 Audaci
1335 727 1374 759 ad
1396 724 1560 769 sophicam
1580 729 1714 761 turbam
1735 729 1779 761 est
1799 730 1840 762 sic
1859 739 1916 762 ore
1937 729 2091 764 locutus:

1180 771 1337 813 Quisquis
1353 784 1386 807 es
1397 798 1408 814 ‚
1429 777 1583 820 egredere
1605 776 1645 809 ad
1664 787 1816 820 campum
1827 801 1836 816 ,
1851 789 2032 821 coramque
2044 781 2176 827 Jacobo
2195 810 2197 813 ,

1181 821 1347 864 Compare
1361 846 1371 863 ‚
1393 825 1424 857 &
1446 823 1573 867 sophici
1593 833 1682 858 tenta
1705 830 1884 860 certamina
1907 828 2044 871 cursus,

1181 870 1249 904 Hic
1272 872 1374 914 major
1397 873 1523 907 cunetis
1546 870 1856 909 vincet'certanune
1879 877 2028 911 cunctos.

1182 918 1276 952 Talia
1295 921 1376 953 dum
1396 921 1517 963 Falco,
1538 933 1705 967 comparet
1725 934 1840 969 magna
1861 926 2048 968 sophorum

1183 967 1306 1010 Copia,
1326 972 1357 1002 ει
1375 973 1524 1015 ingentes
1537 995 1546 1011 ,
1568 972 1663 1006 dictis
1686 981 1875 1017 contempta
1898 973 2068 1018 superbis,

1183 1017 1330 1050 Instituit
1352 1022 1458 1059 vires,
1481 1029 1518 1054 ut
1539 1020 1636 1055 tollat
1658 1026 1763 1064 prima
1781 1024 1912 1069 Jacobo

1182 1064 1322 1098 Prmmia
1336 1078 1346 1098 .·
1367 1065 1420 1101 sed
1446 1071 1598 1103 tandem:
1621 1069 1757 1105 summis
1777 1071 1814 1105 ut
1835 1071 1962 1105 viribus
1981 1072 2097 1115 instat,

1183 1113 1338 1157 Principe
1358 1122 1425 1148 tam
1445 1115 1524 1151 forti
1545 1117 1574 1150 {e
1597 1119 1757 1164 conspicit
1776 1121 1837 1154 effe
1864 1124 2035 1156 minorem.

1181 1161 1274 1207 Ergo
1296 1164 1486 1207 triumphali
1506 1168 1706 1203 decorantur
1726 1178 1875 1212 tempora
1893 1166 2011 1205 froude
2023 1196 2034 1212 ,

1182 1211 1237 1242 Ac
1258 1209 1330 1251 illi,
1350 1213 1463 1246 Primo
1484 1216 1576 1260 digni
1595 1218 1815 1252 monstrantur
1836 1218 1989 1253 honores.

1182 1258 1318 1294 Talibus
1338 1270 1377 1294 ac
1403 1267 1499 1297 tantis
1514 1266 1661 1311 Jacobus
1681 1268 1867 1302 honoribus
1887 1270 1996 1302 auctus

1181 1309 1269 1348 Quid
1289 1306 1411 1344 faciet?
1431 1312 1484 1346 vel
1505 1316 1573 1355 quo
1601 1317 1705 1350 trahet
1724 1316 1821 1350 illum
1845 1317 1985 1361 pectoris
2005 1318 2129 1354 ardor?

1183 1356 1328 1391 Plurima
1347 1357 1490 1395 sollicito
1504 1385 1514 1401 ,
1536 1366 1614 1405 quid
1639 1374 1730 1410 agat,
1755 1364 1813 1400 sub
1842 1368 1975 1410 pectore
1994 1367 2132 1403 volvens

1183 1406 1373 1450 simplicat,
1393 1412 1575 1446 extendens
1596 1414 1744 1457 duplices
1770 1417 1808 1450 ad
1833 1418 1953 1460 sydera
1975 1416 2121 1460 palmas,

1184 1455 1257 1490 Tali
1278 1467 1360 1491 voce
1380 1458 1455 1491 Deo
1473 1473 1483 1493 .·
1501 1461 1571 1495 celsi
1591 1464 1792 1498 Moderator
1808 1464 1964 1509 Olympi,

1182 1505 1324 1539 Lumina
1344 1504 1513 1550 syderibus
1527 1533 1536 1549 ,
1562 1506 1617 1553 qui
1640 1513 1695 1545 das
1719 1520 1773 1546 tua
1793 1512 1914 1547 semina
1934 1513 2049 1554 terris,

1182 1554 1234 1587 Da
1256 1554 1357 1594 mihi,
1378 1557 1442 1598 qua
1466 1562 1575 1593 vivam
1594 1559 1743 1602 securus,
1763 1561 1896 1596 noscere
1918 1573 2079 1597 normam.

1182 1603 1274 1636 Dum
1299 1614 1468 1640 rever-ente
1487 1609 1596 1643 Deum
1621 1608 1757 1654 supplex
1777 1611 1821 1645 ita
1843 1622 1926 1646 voce
1944 1621 2120 1656 precatur,

1182 1654 1234 1686 En
1258 1651 1365 1686 subito
1386 1655 1565 1701 effulgens,
1586 1657 1669 1693 Coeli
1692 1659 1837 1704 delapsus
1856 1663 1895 1693 ab
1918 1672 1978 1696 axe

1182 1702 1373 1748 Stelliger0‚
1388 1705 1482 1747 pictis
1496 1705 1592 1747 juxta
1613 1719 1693 1750 puer
1711 1708 1843 1744 advolat
1861 1709 1940 1750 alis,

1183 1751 1376 1793 Divinoque
1395 1753 1524 1797 replens
1544 1761 1669 1791 orantis
1690 1760 1803 1801 pectus
1826 1770 1939 1793 amore

1183 1800 1276 1834 Talia
1300 1811 1383 1835 voce
1406 1801 1506 1836 refert
1525 1806 1684 1851 :Juvenis
1705 1807 1823 1842 dilecte
1841 1810 2008 1847 Tonanti,

1182 1851 1306 1883 Omnes
1328 1853 1427 1884 corde
1445 1850 1522 1898 fuga
1546 1865 1662 1896 curas;
1685 1857 1873 1891 hac-vivito
1894 1858 2033 1891 norma:

1181 1900 1299 1945 Effuge
1319 1896 1470 1939 fallaces,
1494 1913 1576 1944 quos
1597 1905 1693 1938 offert
1712 1907 1883 1946 Mundus,
1906 1908 2072 1949 honores3

1181 1949 1312 1993 Ecquid
1332 1946 1406 1982 sunt
1430 1949 1537 1990 aliud,
1559 1953 1659 1994 quam
1679 1953 1784 1989 somni
1806 1953 1902 1988 fucus
1922 1955 2052 1991 inanis?

1183 1999 1351 2032 Haueniis
1373 1998 1507 2044 ingenio
1530 2011 1653 2036 naturae
1675 2014 1793 2037 arcana
1815 2004 1947 2038 latentis

1183 2047 1366 2091 Explorare
1388 2047 1482 2080 labor
1504 2046 1587 2090 fuit,
1607 2052 1811 2096 exploranda
1829 2052 1998 2097 supersunt

1183 2097 1364 2131 Abditiora
1385 2100 1465 2136 tibi,
1486 2100 1605 2134 restant.
1626 2103 1748 2144 majora
1765 2103 1915 2148 Jacobe3

1181 2145 1316 2179 Scilicet
1341 2154 1501 2179 aeternum
1514 2171 1523 2186 ,
1543 2159 1583 2181 ex
1602 2150 1708 2184 nihilo
1728 2151 1783 2195 qui
1804 2153 1920 2185 cuneta
1942 2151 2089 2191 creavit,

1183 2195 1286 2228 Nofl'e
1309 2195 1437 2236 Deum,
1467 2197 1649 2240 assidueque
1668 2198 1773 2232 sacros
1793 2200 1986 2244 pervolvere
2006 2202 2112 2236 libros

1183 2244 1371 2283 Convenit,
1391 2253 1428 2278 ac
1447 2243 1551 2279 hostes
1571 2247 1690 2282 divinae
1715 2252 1847 2283 vincere
1870 2252 1976 2295 Legis.

1184 2293 1297 2331 Dixit,
1313 2295 1343 2325 81
1365 2294 1520 2326 {ethereas
1542 2294 1640 2329 velox
1663 2297 1822 2333 revolavit
1840 2300 1880 2332 ad
1902 2309 1986 2333 oras.

1183 2340 1356 2385 Angelicis
1375 2348 1465 2384 paret
1490 2342 1584 2376 dietis
1600 2347 1745 2391 Jacobus
1759 2371 1768 2386 ,
1793 2351 1823 2380 &
1843 2352 1912 2382 imo

1185 2391 1294 2424 Corde
1315 2387 1430 2425 fovens
1454 2395 1598 2426 monitus
1618 2396 1749 2429 divinos
1770 2395 1846 2430 talia
1870 2395 1957 2430 Patri

1185 2441 1284 2473 Voce
1307 2436 1430 2474 refert:
1451 2438 1566 2483 sperno
1586 2444 1773 2483 Mundum,
1793 2446 1980 2487 Mundique
2002 2443 2152 2487 favores,

1184 2492 1308 2533 Sperno
1322 2511 1331 2526 ‚
1354 2489 1513 2533 quidquid
1535 2489 1634 2525 habet
1656 2495 1828 2533 Mundus,
1846 2497 2014 2529 connubia
2038 2495 2178 2540 sperno,

1186 2540 1264 2573 Fert
1282 2540 1410 2573 animus
1429 2540 1557 2574 Christo
1578 2540 1731 2575 sacratam
1758 2543 1876 2576 ducere
1899 2543 2001 2577 vitam
2015 2567 2025 2585 ‚

1186 2587 1363 2628 Sacroi'que
1385 2591 1499 2624 aflidua
1522 2589 1625 2624 libros
1646 2590 1840 2634 pervolvere
1864 2601 1981 2626 mente.

1186 2640 1237 2673 Ut
1259 2641 1352 2674 Pater
1372 2641 1444 2675 htec
1467 2640 1580 2681 audit,
1604 2639 1728 2686 gavisus
1750 2640 1828 2677 talia
1848 2639 1935 2677 fatur
1957 2653 1966 2677 :

1311 2692 1357 2732 D
