2414 3105
210 190 265 224 Ae
287 186 422 222 laudum
443 181 584 219 studiosa
607 180 693 230 seges
707 208 716 223 ‚
738 189 913 230 magnique
936 184 1060 220 laboris

213 236 395 282 Colligitur
416 245 540 268 merces
553 257 563 272 ‚
587 243 660 278 quae
680 235 812 276 praemia
831 236 928 279 digna
948 232 1105 277 repensat.

212 288 261 319 Te
289 285 389 319 modo
407 281 575 322 difficiles,
598 293 683 327 quos
701 285 795 316 Sacra
812 285 964 316 Licentia
984 281 1087 325 poscit
1101 305 1113 322 ‚

210 333 429 379 Propugnass'e
448 330 566 366 Theses
588 329 720 365 summo
746 330 912 374 conspexit
930 331 1059 364 honore

209 382 312 417 Alma
335 392 470 426 parens,
493 378 671 425 coeptisque
695 383 761 414 tuis
781 389 948 426 gratatur,
966 383 997 413 &
1012 380 1104 413 affert

210 432 336 466 Debita
355 433 443 465 dona
463 429 543 470 tibi3
562 428 678 462 verum
701 431 808 474 neque
831 431 944 462 sistitur
964 430 1061 462 ardor

143 492 146 494 ’
209 479 434 525 Discendique
458 479 586 513 animus
611 480 720 522 neque
740 477 824 512 serto
848 477 1023 521 explebilis
1043 487 1132 518 uno,

211 529 279 571 Qui
299 533 423 563 metitae
441 530 605 573 geminata
624 531 709 570 rapit
730 527 787 560 fibi
808 527 939 570 praemia
958 526 1086 560 Palmae.

211 579 332 612 Fervet
354 588 455 621 opus,
476 574 693 620 Proceresque
718 579 803 609 inter
822 575 990 618 spectanda
1013 578 1161 621 Togatos

210 628 311 661 Tecta
330 624 417 663 subit
439 626 617 659 Themidos
639 635 732 658 mens
751 623 903 659 indefeffa
923 625 1110 665 studend0;

212 678 329 721 Atque
351 675 558 708 examinibus
573 673 639 715 jam
661 682 741 707 tunc
760 673 915 708 inclaruit
935 673 1024 712 illis,

214 724 333 759 Ciarus
350 727 380 758 &
394 724 536 757 invictus
560 722 644 756 redit
664 723 681 757 e
701 727 880 756 certamine
898 726 1037 766 quoviS‚

213 772 444 818 Dedioresque
466 781 581 804 ornnes
601 772 696 804 decia
717 772 756 804 ad
778 770 924 814 responsa
942 770 1134 814 stupebant,

213 821 403 857 Defendisse
427 819 543 857 Theses
562 818 621 864 qui
640 820 866 853 Doctoraliter
887 830 956 852 uno

213 873 427 907 &Veron-muru
446 880 505 902 ore
524 866 636 902 serunt
650 891 660 907 ‚
682 871 712 901 δι
736 867 848 903 laudes
871 867 1025 901 laudibus
1050 868 1192 904 addunt:

213 920 348 956 Scilicet
365 922 409 954 est
430 916 512 953 tanti
533 917 646 949 studiis
662 916 802 958 junxifle
820 919 959 951 Sacratis

211 969 306 1017 Juris
326 977 506 1012 utrumque
525 965 642 1003 Genus
656 987 665 1004 ,
685 976 753 1010 quo
777 966 880 1009 major
900 967 1017 999 adorea
1036 965 1173 1002 laudum

215 1022 355 1063 surgat,
376 1020 407 1051 &
426 1013 574 1051 unanimi
594 1014 774 1049 reddantur
793 1018 924 1059 praemia
943 1024 1025 1048 voto

215 1069 413 1105 Scribuntur
436 1064 571 1098 laudum
596 1062 706 1102 tituli,
733 1064 796 1097 tibi
821 1065 964 1100 buccina
988 1067 1094 1110 mugit

216 1116 423 1160 Pegasidum,
442 1113 671 1157 plauduntque
696 1111 792 1146 hilari
813 1113 874 1146 tibi
900 1113 1042 1147 carmine
1066 1121 1177 1152 vateS‚

215 1166 293 1201 Nec
313 1163 465 1205 dubitant
493 1159 641 1206 plausum
666 1160 762 1194 tantis
784 1159 935 1196 conferre
956 1161 1132 1205 triumphis

217 1212 456 1259 Laurigeyique
476 1220 592 1244 ornare
617 1217 714 1253 caput
733 1209 877 1244 Pulchro
897 1211 1014 1245 ordine
1036 1208 1153 1244 Musae.

218 1264 436 1296 Conveniunt
452 1284 461 1300 ‚
480 1259 636 1306 grataque
663 1269 779 1292 omnes
798 1267 831 1292 te
850 1269 933 1293 voce
955 1258 1097 1293 salutant

222 1312 416 1350 Concordes
427 1310 614 1343 Doctorum
632 1309 747 1344 Animi
760 1309 1010 1354 ‚juvenumque
1030 1310 1217 1353 Senumque

219 1361 316 1393 Vota
332 1358 467 1398 volant,
484 1360 515 1395 &
537 1358 639 1395 corda
665 1354 786 1390 favent.
824 1357 1001 1391 Geminata
1025 1358 1159 1391 Corona

221 1410 443 1452 Laurigerum
469 1408 508 1440 ad
529 1405 650 1448 majora
669 1413 789 1444 vocat,
811 1405 867 1451 qui
890 1408 988 1440 sidere
1013 1404 1116 1445 fausto

223 1459 280 1496 Ad
301 1455 495 1493 Doctorales
512 1455 680 1500 quondam
699 1453 862 1501 pertinget
881 1455 1022 1489 honores
1037 1478 1047 1494 ‚

221 1508 291 1553 Qui
309 1507 408 1540 modo
426 1501 602 1550 praefulget
621 1502 778 1536 Doctoris
796 1502 948 1537 acumine
970 1503 1099 1543 clarus,

679 42 1004 166 Algemeyne
1038 77 1426 165 Verzamelinge
1462 81 1553 143 der
1588 76 1812 141 [Verlcen

1274 185 1327 217 Sic
1349 192 1426 216 ovat
1439 206 1448 222 ‚
1469 186 1499 217 ει
1519 182 1651 216 summis
1671 183 1798 217 animos
1822 193 1913 219 nunc
1935 181 2097 228 plausibus
2116 181 2233 227 explet.

1276 231 1447 277 Quidquid
1472 233 1505 266 id
1529 233 1594 270 est,
1610 234 1724 275 Superi
1741 232 1903 275 justiffima
1924 243 2003 268 vota
2022 233 2223 268 secundent!

1276 279 1338 315 Nil
1357 281 1467 314 verbis
1481 290 1564 322 opus
1582 282 1643 321 est,
1656 283 1738 314 dum
1755 279 1849 315 frons
1870 293 1971 328 atque
1992 293 2051 317 ora
2070 281 2276 327 loquuntur.>

1275 330 1538 374 Facundumque
1562 330 1683 362 Virum
1703 328 1872 371 referunt,
1892 342 1990 377 quem
2012 336 2119 378 gratia
2139 340 2271 364 morum

1273 379 1493 413 Commendat
1506 401 1515 416 ‚
1538 375 1625 411 sedet
1645 377 1678 411 in
1702 378 1798 413 vultu
1821 373 1949 423 depicta
1968 383 2120 416 venustas
2133 403 2144 421 ,

1274 427 1390 461 Omnis
1409 427 1442 460 in
1463 427 1584 460 inceffu
1606 432 1792 461 reverentia
1806 450 1816 466 ‚
1839 431 1969 470 pectore
1998 431 2123 464 candor

1275 477 1319 510 Et
1340 477 1477 510 Suadela
1497 479 1623 522 gravis,
1645 486 1807 520 prompta:
1829 476 1982 513 facundia
2003 478 2126 524 lingua:

1276 526 1320 558 Et
1343 524 1431 558 nivei
1455 535 1562 558 mores
1581 536 1624 558 ex
1647 530 1740 560 omni
1759 536 1850 569 parte
1871 527 2034 562 relucent.

1274 574 1394 612 Adde,
1414 576 1504 619 quod
1531 576 1561 607 Sc
1579 574 1685 608 studio
1702 579 1804 618 pietas
1825 578 1869 610 est
1889 576 2002 618 juncta
2026 573 2187 621 fidesque,

1275 624 1376 663 Quod
1400 626 1519 665 pietate
1537 632 1649 657 carens
1667 624 1830 658 malesano
1849 626 1984 669 pectora
2008 623 2091 658 fastu

1277 672 1367 714 Sche
1387 671 1498 705 inflare
1522 669 1615 704 solet.
1652 675 1800 716 spectata
1823 674 1978 708 modestia
1999 673 2131 708 laudem

1277 720 1498 760 contemnit,
1522 718 1701 765 titulosque
1726 723 1782 757 sibi
1803 733 1895 757 mens
1916 724 2053 758 candida
2076 724 2188 756 demit.

1278 769 1361 803 Haec
1381 768 1476 802 Coelo
1501 770 1693 814 mundoque
1712 770 1818 813 placet
1837 779 1893 804 tua
1912 770 2025 809 semita
2047 775 2122 807 vitae
2136 794 2146 810 ‚

1277 818 1409 850 Norma
1425 819 1647 853 modestorum
1672 829 1727 857 eS‚
1747 828 1814 854 tua⁴
1830 819 2034 854 conversatio
2058 821 2197 853 cuneos

1278 864 1416 906 Allicit,
1437 866 1669 912 exemplarque
1692 867 1777 902 nites
1798 867 1986 903 veneralibe
2008 869 2160 901 Morum.

1281 914 1446 948 Omnibus
1466 926 1498 948 es
1519 925 1630 961 gratus
1649 939 1659 956 ‚
1682 924 1780 962 teque
1802 917 1905 951 ambit
1927 916 2068 962 quilibet
2088 941 2098 957 ‚
2119 924 2234 949 omnes

1280 965 1324 997 Et
1346 968 1466 1007 pietate
1486 966 1587 999 trahis
1611 965 1692 999 mira
1714 969 1745 999 δι
1763 966 1938 1000 dulcedine
1960 974 2111 1006 mentes3

1281 1013 1429 1046 Dotibus
1452 1013 1503 1046 his
1529 1024 1627 1048 ornas
1649 1016 1793 1048 Falconis
1815 1016 1900 1049 tecta
1920 1013 2079 1049 Professor
2096 1037 2105 1053 ‚

1284 1063 1347 1095 His
1365 1062 1507 1095 divincta
1529 1063 1589 1096 tibi
1608 1063 1833 1098 Dominorum
1856 1067 1886 1098 δε
1906 1065 2024 1097 cunc'ta
2041 1063 2232 1106 sophorum

1283 1111 1393 1144 Corda
1420 1119 1531 1149 tenes,
1549 1110 1671 1145 Thesea
1690 1114 1768 1146 fides
1792 1111 1963 1158 virtusque
1990 1109 2133 1157 refulget

1284 1160 1337 1193 Ex
1359 1162 1470 1193 animo
1488 1162 1666 1194 WELLENE
1689 1169 1749 1194 tuo
1763 1185 1773 1200 ,
1794 1163 1834 1195 sic
1855 1161 1944 1195 intus
1963 1164 1993 1195 ὅτ
2011 1163 2102 1195 extra

1284 1208 1386 1241 Mens
1407 1216 1463 1241 tua
1479 1219 1559 1242 cana
1579 1208 1706 1252 placet,
1727 1214 1839 1255 generi
1864 1222 1938 1256 qum
1957 1214 2090 1254 propria
2115 1209 2221 1244 vestro

1284 1257 1414 1290 Enthea
1434 1257 1523 1295 laus,
1545 1258 1675 1293 nativus
1695 1261 1802 1292 honos
1820 1262 1850 1292 ὃ(
1870 1259 1984 1294 nobile
2006 1260 2119 1302 pectus
2133 1281 2143 1297 ‚

1284 1307 1367 1339 Uno
1388 1306 1422 1338 in
1443 1308 1619 1341 WELLENO
1643 1318 1716 1353 qua:
1735 1307 1857 1353 singula
1879 1310 1966 1342 dona
1988 1316 2161 1341 notantur.

1286 1356 1376 1400 Ergo
1400 1365 1594 1401 magnorum
1612 1358 1723 1390 Mater
1744 1355 1899 1394 foecunda
1921 1356 2084 1390 Virorum
2101 1380 2111 1395 ,

1287 1402 1412 1440 Plaude
1433 1404 1663 1448 Triumphanti
1682 1403 1761 1438 felix
1783 1408 1966 1448 Antverpia
1984 1407 2077 1438 Nato
2093 1406 2101 1439 ἒ

1289 1451 1447 1486 Plaudere
1469 1454 1547 1487 dum
1573 1457 1679 1487 cernis
1702 1452 1797 1487 laetos
1816 1455 1961 1490 Falconis
1981 1453 2173 1493 Alumnos,

1289 1498 1450 1547 Undique
1470 1513 1536 1535 vox
1556 1500 1642 1537 festis
1661 1499 1759 1537 feriat
1779 1501 2016 1549 complausibus
2032 1502 2138 1536 Astra.

920 1567 1597 1601 CHRONO·DISTICON.

372 1629 737 1666 WnLLnnUs
786 1630 995 1662 SERTIS
1044 1627 1379 1660 THEMIDos
1428 1628 1800 1667 PARITERQUE
1851 1627 2143 1662 saCRATIs

605 1678 966 1714 EXORNATUS
1015 1677 1218 1714 oVans
1265 1677 1396 1711 BINA
1446 1677 1675 1711 BRAVIA
1724 1677 1903 1710 GERIT.

233 1812 374 1906 ff}

1261 1745 1472 1790 Applaudunt
1499 1746 1679 1791 Plzilosbplzi
1705 1747 1908 1789 Falconenses
1936 1746 2066 1779 Internz’.

1835 1805 2286 1895 meas

230 1922 403 1957 Praenobilz'
414 1945 424 1961 ‚
451 1923 636 1955 Reverendo
659 1924 838 1959 admodum,
851 1922 1043 1963 eruditlffimo
1065 1931 1102 1955 ac
1123 1920 1331 1962 confitltIffimo
1353 1920 1509 1955 Domino,
1532 1918 1859 1962 DominosACOBO
1880 1914 2289 1958 THOMAEJOSEPHO

281 1970 533 2010 WELLENS‚
554 1970 776 2014 Antverpienfi
789 1993 799 2009 ‚
822 1971 925 2002 Sacrae
945 1971 1096 2003 Romame
1117 1964 1265 2010 Ecclesiae
1284 1968 1492 2010 Presbytero,
1515 1966 1641 2009 infigm's
1659 1966 1806 2008 Ecclefiae
1834 1966 2008 2009 Collegiat'ae
2032 1966 2064 1996 S.
2075 1964 2188 2008 Jacobc‘
2203 1965 2292 1997 Ant-

280 2025 394 2065 vcrpiae
416 2021 588 2059 canonico,
608 2020 804 2062 florentiffimi
821 2019 1002 2063 Paedngogii
1025 2016 1373 2055 FALCONENSIS,
1395 2015 1560 2057 Profeffiffi
1581 2015 1765 2057 DIgntffimo
1785 2018 1815 2047 ἱη
1832 2016 1933 2048 Alma
1961 2011 2166 2054 Univerfitate
2185 2012 2290 2044 Lova-

286 2073 355 2104 nien
371 2081 402 2107 1,
423 2073 454 2102 in
473 2069 573 2102 Sacra
587 2069 743 2110 facultate
763 2068 796 2105 T
794 2069 948 2112 lzeologica
968 2062 1003 2104 ’ῥ’-9
1022 2071 1054 2100 ln
1073 2078 1199 2115 utroque
1208 2067 1290 2117 Jure
1310 2066 1456 2099 Llcentc'ae
1478 2065 1618 2111 Gradum
1633 2084 1643 2102 ‚
1670 2065 1769 2101 eodem
1792 2066 1840 2098 die
1855 2066 1976 2110 summa
1998 2074 2063 2100 cum
2081 2060 2171 2097 laude
2191 2061 2291 2103 confi}-

286 2122 389 2162 quenti
415 2117 558 2162 31Julii
583 2125 682 2161 1752.

242 2187 438 2271 DEsine
456 2233 577 2270 Mirari
597 2234 724 2268 nostros
745 2236 923 2279 Antverpia
945 2231 1075 2279 plausus

291 2283 351 2321 Sed
369 2283 514 2327 gaudens
533 2283 649 2318 nostris
670 2281 829 2326 plausibus
851 2284 932 2317 adde
953 2292 1038 2319 tuos.

243 2331 288 2367 Et
307 2329 411 2375 gavisa
431 2330 507 2363 alias
529 2332 634 2373 Caput
659 2335 745 2366 inter
767 2331 885 2368 clarior
906 2333 1017 2366 Urbes

296 2380 394 2428 Erige
406 2402 415 2418 ‚
433 2381 472 2412 da
487 2380 600 2416 laudes
619 2381 822 2425 Laetitiaeque
840 2379 948 2418 sonos.

245 2429 376 2472 Pergito
397 2427 566 2461 nobiscum
589 2428 676 2464 laetas
696 2430 862 2463 effundere
882 2441 982 2466 voces

299 2478 342 2509 Et
365 2473 502 2509 faustum
522 2477 630 2511 canito
644 2503 653 2518 ‚
677 2490 746 2524 quo
766 2480 860 2511 decet
878 2489 955 2517 ore,
980 2476 1091 2511 melos.

251 2523 371 2567 Aspice
393 2535 482 2567 parta
502 2526 585 2559 redit
605 2528 723 2571 duplex
750 2529 811 2562 tibi
837 2525 928 2561 causa
949 2525 1143 2570 Triumphi,

302 2575 525 2619 Magnanimae
548 2576 653 2610 Ptolis
671 2576 788 2620 respice
814 2577 911 2609 Dona
933 2585 968 2609 tu
982 2589 1006 2608 e.

251 2621 370 2668 Aspice
389 2624 598 2659 WELLENUM
617 2627 749 2660 cunctas
768 2624 890 2659 clarere
910 2636 968 2670 per
986 2626 1106 2666 Artes,

1349 2230 1474 2270 Cedere
1498 2228 1554 2265 cui
1576 2231 1696 2265 Virtus
1718 2228 1845 2269 nescia,
1869 2229 1974 2263 victor
1998 2235 2084 2260 ovat.

1300 2281 1513 2317 VVELLENUM
1534 2288 1665 2314 cantare
1684 2278 1800 2318 lubet,
1821 2289 1919 2323 quem
1939 2276 2015 2310 bina
2030 2281 2170 2311 coronat

1352 2328 1460 2367 Palma
1475 2327 1714 2372 Triumphalis,
1729 2335 1827 2373 quam
1845 2326 1936 2365 dedit
1959 2335 2024 2357 una
2042 2324 2118 2357 dies.

1302 2380 1381 2413 Una
1399 2379 1576 2422 eademque
1597 2380 1666 2412 dies
1686 2379 1798 2410 Sacras
1815 2377 1904 2413 dedit
1927 2373 2037 2406 omine
2059 2371 2163 2406 fausto

1352 2429 1497 2466 Lauros,
1517 2429 1547 2458 δι
1565 2427 1743 2459 Themidos
1762 2423 1872 2457 debita
1893 2421 1974 2456 serta
1996 2422 2082 2458 tulit.

1304 2476 1424 2510 Victor
1443 2477 1579 2509 Sacrate
1602 2476 1797 2509 WELLENUS
1822 2469 1908 2506 filiit
1931 2474 2049 2505 Aren—rc
2068 2493 2079 2511 ‚

1355 2526 1480 2563 Laurea
1499 2527 1647 2558 sacratus
1666 2521 1796 2566 proemia
1814 2522 1917 2555 donat
1931 2522 2050 2554 honor.

1302 2572 1523 2624 Juridicisque
1546 2571 1638 2606 simul
1656 2571 1749 2617 juvat
1766 2568 1913 2604 insudare
1940 2567 2113 2609 Palaestris,

1357 2623 1522 2667 Quodque
1545 2618 1610 2656 fuit
1626 2622 1749 2655 durum
1766 2617 1869 2659 ferre,
1892 2618 1997 2654 tulifl'e
2009 2619 2113 2662 juvat.

2243 2663 2299 2700 Sic
