2414 3105
450 159 556 200 van
577 122 726 221 syrie
760 114 1307 216 Hoogueerdi'gheyd
1328 134 1387 212 J.
1423 135 1488 193 T.
1515 134 1575 211 J.
1606 120 1662 191 121
1663 129 1837 194 ⁷ellens.
2122 154 2192 215 23

120 244 225 285 (Gen.
249 245 305 285 3.)
331 241 447 286 Longa
469 242 538 274 dies
558 241 656 272 citius
682 235 826 272 brumali
845 237 964 274 fidere,
985 244 1121 280 noxque

172 293 312 325 Tardior
337 290 471 323 hiberna
493 285 668 322 solstitialis
688 291 753 322 erit
766 310 775 325 ,

122 342 197 375 Nec
221 339 369 385 Babylon
392 341 502 372 aestum
514 361 524 376 ‚
542 346 603 370 nec
621 333 745 382 frigora
764 338 888 370 Pontus
909 333 1046 367 babebit
1062 356 1072 372 ‚

173 390 356 434 Calthaque
377 388 531 421 Paestanas
553 385 666 420 vincet
682 382 792 419 'odore
818 384 925 424 rosas;

123 440 229 481 Quam
254 438 353 476 mihi,
373 436 469 481 quod·
486 438 629 479 patimur
648 458 658 474 ‚
683 435 818 469 veniant
839 433 965 468 oblivia
987 429 1121 471 damni,

174 490 249 522 Pars
267 488 312 521 ita
331 484 475 519 fortunae
503 485 642 518 candida
664 485 755 519 nulia
778 495 866 518 meac.

124 539 218 578 (Gen.
229 540 283 580 4.)
294 535 366 570 Sive
380 537 504 567 micans
514 533 612 567 Titan
625 544 721 578 caput
731 537 795 568 hoc
806 532 986 568 miserabile
1001 533 1122 571 cernit,

171 587 242 619 Sive
262 585 405 628 pruinosi
430 583 551 616 Nostis
574 593 718 629 aguntur
742 587 844 629 equi,

123 633 191 678 Ipsa
211 633 318 668 oculis
342 632 459 666 nostris
479 631 601 675 semper
621 631 695 667 sunt
718 634 818 668 obvia
841 635 958 667 damna
972 656 983 673 ‚

173 685 215 717 Et
235 681 375 729 vigilant
393 680 500 716 sensus
523 685 556 715 in
577 692 647 716 mea
671 680 735 716 fata
758 687 829 717 mei.

124 733 206 766 Non
232 743 294 778 ego
309 755 319 769 ,
339 734 360 765 si
386 732 532 765 biberem
557 730 677 766 secura:
695 732 816 776 pocula
839 731 961 766 Lethes
975 755 986 772 ,

176 782 340 815 Excidere'
358 781 430 814 haec
453 782 583 814 credam
602 782 734 825 pectore
755 783 841 826 poss'e
864 792 948 816 meo.

123 833 230 872 (Gen.
258 832 309 870 1.)
333 831 407 877 Jam
430 841 498 863 non
526 830 665 874 accipiet
690 831 790 876 pleno
819 833 859 864 de
881 840 972 865 more
991 837 1129 873 paterno

175 881 289 914 Cornu
317 890 435 913 munus
456 879 550 923 inops
565 903 574 919 ,
595 891 663 913 non
688 883 788 915 modo
809 879 914 924 sospes
933 883 1021 920 erit·,

123 929 204 962 Non
227 931 296 962 haec
315 929 415 962 verba
437 939 531 963 aures
551 929 725 964 intrabunt
745 930 841 975 plena
865 929 998 968 salutis,

177 981 259 1019 Quae
283 978 402 1011 crebro
424 980 464 1011 ad
488 979 574 1012 dites
594 978 731 1015 melleus
755 990 813 1014 ore
834 982 928 1013 Pater
948 991 954 1011 :

123 1032 147 1049 ‘⁶
159 1027 219 1061 Nil
238 1030 367 1073 generis
385 1028 482 1061 vobis
501 1028 678 1070 praeclarus
697 1030 846 1072 proderit
866 1038 959 1062 ortus
973 1049 984 1064 ‚

178 1101 199 1116 ‚‚
214 1075 273 1110 Nil
299 1077 407 1108 honor
429 1079 459 1109 δι
480 1086 628 1111 veterum
654 1080 821 1110 stemmata
842 1076 928 1110 clara
948 1078 1105 1116 Patrum;

124 1125 233 1166 „Sola
254 1123 324 1158 solo
344 1127 448 1158 virtus
472 1127 543 1168 post
565 1123 629 1158 fata
652 1127 819 1160 novissima
838 1127 956 1164 durat,

174 1197 196 1213 ,‚
210 1177 252 1207 Et
273 1176 410 1217 nequit,
429 1175 580 1207 extincto
603 1184 764 1218 corpore,
788 1173 856 1208 sola
877 1173 961 1207 mori
984 1186 991 1207 :

122 1245 146 1264 „
160 1222 282 1256 Discite
301 1221 457 1263 justitiam
482 1226 626 1263 moniti,
647 1227 682 1265 ,81v
700 1234 767 1257 non
792 1233 940 1258 temnere
960 1224 1090 1263 Divos,

175 1296 196 1312 „
209 1273 326 1305 Vestra
347 1270 439 1314 inopi
457 1270 546 1318 larga
566 1273 795 1308 distribuendo
822 1284 931 1307 manu.

125 1344 149 1362 „
162 1320 255 1355 Felix
268 1344 278 1361 ‚
301 1323 358 1365 qui
378 1320 517 1367 geminis
538 1325 698 1357 virtutem
721 1321 930 1366 amplectitur
949 1320 1038 1357 ulnis
1053 1344 1063 1360 ‚

1238 258 1260 275 ,‚
1274 233 1405 279 Flagrat
1426 244 1538 268 amore
1558 234 1672 276 hujus,
1692 236 1804 280 flagrat
1818 245 1930 268 amore
1954 235 2019 270 Dei
2034 259 2067 276 ,,.

1189 286 1293 326 (Gerr.
1320 287 1375 325 2.)
1402 285 1518 329 Indiga
1540 281 1671 317 subsidii
1694 285 1805 316 Mater
1824 283 1989 328 linquitur
2011 287 2092 319 orba

1239 335 1380 372 Nostra,
1401 332 1569 377 animique
1591 334 1691 367 sinum
1713 342 1774 365 nec
1796 336 1849 366 cui
1870 335 2011 376 pandet,
2033 335 2143 370 habet.

1188 385 1295 418 Acres
1315 383 1479 417 invadunt
1499 382 1639 422 viduos,
1658 379 1837 426 viduasque
1857 382 2010 423 dolores,

1242 434 1375 478 Quique
1395 440 1494 477 queat
1514 431 1678 476 lacrymas
1698 438 1822 475 tergere
1836 453 1844 469 ,
1866 431 1979 467 nullus
1997 435 2091 467 adest.

1191 484 1299 524 (Gen⁴
1316 494 1344 524 3.
1359 485 1373 523 )
1392 482 1506 515 Turba
1518 482 1733 514 sacerdotum
1746 479 1964 523 lacrymatur,
1978 485 2081 516 civica
2095 482 2193 519 turba

1242 533 1351 577 Luget
1363 555 1371 569 ‚
1394 530 1554 573 jasturam
1573 528 1673 564 sentit
1691 537 1831 574 uterque
1851 530 1958 564 status.

1192 582 1334 623 Quando
1359 580 1541 623 (dolorofis
1560 580 1747 614 exclamant
1764 577 1906 613 vocibus
1930 579 2022 623 un'a)
2157 625 2160 627 ¹

1244 632 1337 664 Urbs
1357 639 1422 665 tam
1444 631 1616 673 pacificum
1640 630 1687 662 est
1708 629 1816 661 nostra
1837 628 1990 663 habitura
2016 631 2171 666 Patrem?

1194 681 1356 723 Quando,
1375 685 1432 726 qui
1451 682 1569 715 doceat
1588 679 1766 715 virtutem,
1788 686 1920 722 tamque
1942 681 2075 721 paterne
2105 683 2107 685 ’

1244 729 1393 763 Crimina
1414 739 1547 774 carpat,
1570 728 1659 763 alent
1680 728 1796 772 jugera
1816 729 1925 760 nostra
1943 731 2077 771 parem?

1195 782 1212 821 (
1225 781 1292 813 Gen
1316 783 1372 823 4.)
1391 781 1473 821 Quis
1485 804 1494 818 ‚
1508 781 1604 814 Cives
1617 779 1719 813 odiisi
1736 778 1886 811 mordeat
1898 777 2051 812 horridus
2064 778 2199 824 anguis,

1245 829 1424 863 Funestum
1446 827 1526 863 forti
1549 826 1680 874 franget
1699 837 1810 860 amore
1835 828 1959 870 caput?

1197 879 1401 912 Haereticum
1427 880 1545 912 nostris
1565 881 1640 923 quis
1656 875 1755 921 pellet
1777 876 1943 910 moenibus
1965 877 2088 912 hostem
2101 878 2117 910 ?

1247 927 1329 968 Quis
1349 928 1440 962 dabit
1458 930 1590 962 infirmo
1613 926 1732 971 pabula
1753 924 1828 959 sana
1846 924 1978 971 Gregi?

1198 977 1294 1018 (Gen.
1309 980 1349 1019 1.)
1359 977 1513 1012 Fulmina
1521 978 1700 1012 verborum
1713 976 1834 1010 ceffant
1844 978 2021 1011 metuenda
2030 979 2202 1022 sophistis,

1249 1026 1357 1059 Castra
1378 1027 1500 1072 quibus
1523 1027 1641 1062 tumidi
1661 1025 1764 1060 diruit
1784 1024 1850 1059 alta
1870 1026 1986 1067 chori3

1200 1074 1329 1108 Cess'ant
1348 1073 1500 1110 facundae
1523 1078 1636 1110 divina
1656 1078 1803 1109 tonitrua
1823 1073 1947 1119 lingum

1251 1125 1375 1157 Arcem
1397 1136 1470 1170 quae
1490 1124 1631 1168 sophica:
1653 1123 1838 1159 diminuere
1860 1121 1988 1158 scholae.

1200 1172 1277 1205 Heu
1295 1174 1396 1207 modo
1407 1198 1416 1213 ‚
1427 1183 1538 1209 tantus
1551 1174 1609 1208 u-bi
1621 1176 1674 1208 es?
1689 1172 1811 1208 tumuli
1822 1181 1973 1216 portatus
1981 1176 2019 1208 ad
2030 1177 2203 1212 umbram?

1251 1221 1399 1257 Malleus
1423 1222 1611 1263 Haerefieos,
1633 1223 2039 1267 Christiadumque-basis!

1201 1269 1373 1305 Miscebor
1395 1273 1564 1319 cinerique
1586 1276 1667 1307 cinis
1690 1281 1789 1319 atque
1810 1273 1925 1307 ombus
1950 1275 2033 1310 offa:

1251 1321 1350 1354 Hanc
1368 1321 1479 1356 lucem
1502 1322 1598 1356 celeri
1622 1323 1756 1357 turbine
1778 1324 1878 1356 Parca
1900 1333 1985 1357 neat.

142 1394 465 1428 ANTVERPIA
488 1394 596 1427 CUM
616 1395 878 1429 MERCURIO
906 1394 1009 1427 SUIS
1033 1394 1354 1428 ANNUNTIAT
1375 1395 1811 1430 JLLUSTRJSSJMUM
1832 1396 2181 1444 SUCCESSOREM,

129 1466 146 1504 (
156 1464 289 1502 Anrv.)
314 1463 438 1495 Sumite
460 1460 610 1494 laetitiam
623 1484 633 1499 ,
651 1460 806 1503 depellite
827 1462 926 1495 corde
951 1458 1102 1493 dolorem
1120 1483 1131 1500 ‚

177 1513 205 1543 0
229 1509 307 1542 mihi
332 1511 450 1543 sincera
471 1511 602 1553 pectora
621 1510 733 1553 juncia
754 1511 838 1544 fide!

121 1560 341 1608 JACOBUM
363 1560 608 1599 WELLENS,
635 1561 689 1593 cui
708 1562 822 1602 primoe
849 1568 988 1592 munera
1008 1561 1087 1592 vitae

176 1609 340 1646 Donavi,
364 1608 461 1641 nobis
483 1610 579 1642 Astra
602 1608 721 1641 dedere
741 1610 881 1642 Patrem.

129 1659 288 1700 (Merc.)
314 1659 465 1690 Adversis
486 1657 614 1692 Coelum
635 1660 676 1690 sic
699 1656 812 1691 miscet
831 1655 982 1701 prospera
995 1681 1005 1696 ‚
1021 1656 1097 1691 vitae

178 1709 323 1740 Stamina
342 1704 418 1740 felle
445 1707 596 1746 madent,
618 1708 754 1740 stamina
775 1706 871 1740 melle
896 1708 1039 1740 madent.

74 1795 78 1799 ,
128 1757 206 1791 Hoc
228 1756 323 1790 Duce
345 1766 393 1789 ter
414 1753 517 1790 fausto
540 1758 718 1790 decurrent
737 1765 885 1800 tempora
907 1754 974 1790 sole
988 1778 997 1796 ‚

179 1807 256 1838 Hoc
277 1806 375 1838 Duce
396 1805 562 1839 mordebit
581 1804 695 1840 nullus
715 1805 811 1839 Ovile
833 1805 943 1848 lupus.

129 1856 231 1897 (Gen.
245 1856 457 1900 1<)JACOBUM
469 1857 640 1889 VVELLENS
657 1856 784 1888 Patrem
801 1853 1130 1899 donavitOlympus?

175 1903 315 1943 Tristes,
340 1914 423 1946 quos
442 1904 593 1938 dedimus
606 1927 615 1944 ,
630 1904 697 1948 jam
719 1903 838 1948 procul
858 1905 921 1938 este
935 1929 944 1943 ‚
964 1903 1044 1939 soni.

1199 1462 1257 1502 (G.
1266 1470 1280 1492 2
1289 1463 1313 1501 .)
1321 1462 1451 1495 Damna
1462 1461 1517 1500 ita,
1529 1473 1600 1504 quae
1611 1473 1716 1506 nuper-
1730 1474 1844 1505 numq.
1858 1467 2036 1507 reparanda
2045 1470 2207 1511 putabam

1250 1509 1364 1544 Pensat
1384 1511 1613 1552 abundanter,
1639 1515 1845 1556 restituitque
1871 1515 1973 1548 Deus.

1200 1562 1258 1601 (G.
1277 1563 1322 1601 3.)
1332 1562 1359 1594 O
1370 1561 1471 1595 Deus!
1481 1562 1508 1593 O
1520 1561 1660 1597 Coelum!
1671 1564 1843 1596 vestri-non
1855 1567 2030 1600 immemor
2045 1578 2205 1610 umquam

1251 1609 1316 1650 Qui
1339 1609 1423 1643 mala
1439 1608 1582 1644 sollicite
1603 1613 1710 1645 nostra
1727 1611 1864 1653 levatis,
1883 1623 1949 1646 ero.
2150 1613 2155 1617 “

1201 1660 1308 1702 (Gen.
1320 1671 1340 1703 4
1362 1660 1525 1704 >Spiritus
1534 1660 1587 1693 hic
1596 1672 1715 1695 vacuas
1725 1661 1816 1706 prius
1825 1665 2054 1698 extenuandus
2067 1669 2100 1700 in
2113 1676 2206 1703 auras
2248 1702 2255 1709 ,

1252 1709 1336 1747 Ibit,
1361 1712 1392 1743 ἃ
1413 1713 1445 1743 in
1471 1711 1583 1753 tepido
1605 1709 1728 1745 deseret
1749 1713 1811 1745 osta
1832 1723 1938 1757 rogo3

1203 1756 1309 1798 Quam
1329 1756 1463 1792 subeant
1483 1760 1580 1802 hujus
1604 1758 1766 1795 benefacti
1793 1760 1919 1796 oblivia
1941 1771 2085 1798 mentem
2101 1789 2111 1805 ‚

1249 1808 1292 1840 Et
1316 1816 1424 1851 grates
1445 1810 1538 1842 cess'et
1556 1808 1670 1855 lingua
1689 1808 1811 1844 referre
1830 1810 1923 1844 Polo.

1198 1857 1333 1898 (An.)G
1341 1859 1432 1891 aujia
1442 1868 1531 1892 nunc
1542 1857 1705 1897 resonent,
1716 1860 1967 1894 resonent-‘nunc
1976 1863 2089 1906 undiq.
2099 1865 2204 1901 Musae

1248 1907 1382 1941 Festivis
1402 1905 1521 1942 feriant
1546 1908 1698 1943 cantibus
1719 1911 1814 1944 Astra
1840 1913 1963 1944 turbae.

867 1975 1028 2009 ODE
1103 1976 1460 2012 MUSICA.

376 2047 390 2076 I
866 2045 906 2075 1-1

204 2083 324 2114 Decora
344 2084 483 2115 Civitatis
686 2084 798 2114 Astitet
817 2083 950 2123 Sophisa
971 2093 1048 2114 vana

224 2125 289 2152 Lux
301 2147 308 2158 ‚
322 2126 418 2154 honos
434 2125 462 2154 ἃ
474 2124 567 2162 gloria
578 2145 587 2160 ‚
718 2125 828 2154 Szcculi
852 2125 1025 2162 sophismata
1038 2144 1048 2158 ‚

131 2161 211 2191 Arce
230 2171 258 2191 te
279 2164 441 2194 securitatis
645 2166 692 2193 'fe
706 2163 847 2201 Magistro
868 2163 1028 2193 Christiana

172 2200 251 2230 Tuta
265 2212 341 2232 nunc
355 2204 585 2233 ANTVERPIA.
684 2204 784 2232 Firma
808 2203 920 2232 flabunt
947 2205 1082 2240 dogmata

131 2264 287 2304 (Amr.)
309 2263 412 2298 Sistite
425 2265 490 2307 jam
505 2263 622 2303 Genii,
638 2262 824 2306 Manisque
842 2263 1002 2298 intendite
1015 2262 1129 2298 dictis:

131 2310 193 2344 Illa
214 2322 275 2357 ego
289 2335 298 2351 ,
319 2324 389 2354 quae
415 2315 582 2356 quondam
607 2313 686 2347 tristi
707 2312 879 2346 modulata
901 2313 1001 2346 thalia

129 2361 268 2393 Carmen
281 2384 290 2398 ,
310 2363 340 2393 δι
366 2367 520 2396 emittens
538 2365 651 2402 fletus,
677 2373 898 2405 qutecurnque
921 2365 1034 2408 coegi,

130 2409 202 2445 Ut,
223 2409 393 2454 peregrina
411 2411 509 2450 licet,
531 2411 682 2457 lugerent
706 2413 805 2446 corda
831 2420 1019 2457 genentem
1033 2424 1043 2444 .-

127 2459 240 2492 Tristis
258 2457 355 2492 Musa
374 2463 469 2493 nimis
489 2473 498 2492 :
516 2458 569 2493 sed
590 2472 678 2494 nunc
697 2460 840 2494 lucentia
861 2463 986 2495 mundo

128 2509 214 2542 Acta
227 2532 236 2546 ‚
259 2507 446 2553 Virumque
464 2519 546 2541 cano
558 2532 566 2547 ,
583 2512 692 2543 nostro
717 2514 773 2553 qui
797 2509 950 2556 sanguine
971 2519 1091 2553 natus,

130 2557 260 2591 Vitales
278 2558 393 2591 charus
411 2560 541 2600 Superis
561 2560 591 2590 &
613 2568 737 2593 amatus
757 2561 789 2593 in
812 2570 903 2592 airas

120 2607 267 2640 Prodit:
285 2606 427 2640 multum
449 2605 505 2640 ille
527 2608 558 2639 &
575 2605 707 2642 summis
725 2609 862 2643 dilectus
882 2612 912 2643 &
932 2608 1006 2645 imis

128 2655 294 2692 Divorum
316 2657 426 2700 dono,
448 2655 543 2691 causa
560 2656 691 2692 Pietatis
709 2659 862 2696 Avorum
874 2682 884 2701 ,

1163 2164 1358 2194 Pharmacum
1378 2166 1549 2197 salvationis

1193 2106 1203 2124 4
1228 2085 1338 2115 Vomat
1357 2086 1552 2117 damnationis

1262 2125 1359 2154 Totus
1373 2135 1461 2155 orcus
1476 2127 1609 2157 toxicum
1623 2148 1632 2164 ,

1920 2054 1983 2084 IV.

1685 2093 1776 2120 Amy.
1791 2093 1847 2149 N
1856 2092 1906 2123 llt'
1914 2096 1997 2124 :nebo
2006 2094 2204 2128 fausta-Mater

1888 2133 1975 2162 I'ulta
1998 2143 2081 2165 tanto
2105 2137 2205 2173 lsilio,

1281 2204 1286 2209 ⁸
1326 2204 1331 2209 ι
1426 2206 1430 2210 ι
1684 2170 2206 2214 Gen.Quisque‚telttictorejkuter,

1203 2205 1349 2242 Largiens
1369 2207 1514 2236 ctchcum.
1721 2209 1819 2239 Tut-us
1839 2212 1899 2241 ibit·
1914 2214 2044 2250 praevio.

1197 2266 1346 2301 Promisit
1368 2265 1530 2306 multum,
1551 2268 1630 2301 dum
1650 2268 1793 2312 primam
1813 2281 1963 2315 carperet
1983 2285 2097 2309 auram
2118 2299 2128 2317 ‚

1197 2312 1404 2357 Inferretque
1427 2318 1524 2359 pedes
1544 2321 1656 2356 cunis,
1681 2329 1760 2363 quas
1782 2321 1911 2355 Concio
1932 2323 2016 2358 Coeli

1198 2365 1407 2411 Cingebant,
1428 2367 1533 2399 Puero
1551 2368 1686 2400 astantes
1708 2370 1738 2401 &
1758 2370 1846 2403 dona
1867 2369 2020 2406 ferentes.

1196 2413 1304 2453 Dive‚
1326 2414 1406 2448 mihi
1432 2414 1541 2449 causas
1566 2427 1729 2456 memora,
1756 2429 1822 2461 quo
1839 2422 1991 2455 Numine
2012 2424 2128 2464 dante,

1196 2464 1304 2497 Curve
1328 2463 1428 2497 Polus
1443 2474 1518 2497 non
1543 2465 1608 2500 hoc
1627 2464 1761 2507 solitus,
1787 2477 1838 2502 tot
1864 2470 1994 2505 mittere
2017 2474 2103 2506 dona

1195 2510 1319 2546 Infanti
1341 2514 1477 2547 vixdum
1504 2523 1604 2554 nato,
1626 2524 1678 2548 tot
1701 2527 1836 2551 munera
1859 2517 1945 2553 serre

1196 2562 1365 2596 Sancierit.
1397 2561 1564 2597 Tantusne
1593 2564 1710 2598 animis
1731 2567 1916 2603 cit-Iestibus
1938 2567 2079 2610 Infans?

1197 2615 1211 2650 (
1226 2613 1459 2654 Merc.)'Stirps
1471 2612 1607 2655 antiqua
1620 2614 1714 2647 datur
1725 2619 1846 2656 (varias
1861 2619 2023 2653 celebrata
2034 2632 2090 2664 per
2101 2628 2193 2667 oras>

1198 2661 1438 2697 WELLENA'
1450 2684 1459 2704 ,
1483 2663 1613 2710 insignis
1633 2665 1779 2709 merim,
1800 2667 1933 2705 Pietatis
1954 2680 2066 2711 amore
