2414 3105
347 171 456 212 van
480 148 629 237 syme
657 141 1201 230 Hoogweerdigheyd
1224 147 1283 225 J.
1324 148 1389 207 Τ.
1418 149 1477 226 J.
1520 144 1751 209 lVeIlens.
2070 168 2133 211 21

75 254 245 288 Eximium
267 259 487 299 magnumque
507 248 628 281 Virum
654 255 792 281 ventura
813 246 964 282 silebunt.
1140 244 1293 280 Invenies
1306 269 1316 285 ‚
1335 244 1427 288 cujus
1448 248 1554 280 virtus
1575 249 1605 280 &
1626 247 1762 281 candida
1781 249 1880 285 Reffl

75 304 114 336 In
135 311 169 336 te
184 299 333 336 defuncti
352 303 448 334 vivax
467 294 653 340 resplendet
670 299 779 343 imago
1140 297 1239 330 Fama
1256 305 1313 338 per
1335 298 1528 340 omnigenas
1547 294 1721 340 Belgarum
1748 297 1905 332 inclaruit
1923 308 2009 333 oras,

75 352 266 395 Eximiique
290 351 391 382 Patris
409 345 600 390 praestantia
627 345 714 379 dona
734 353 914 385 notantur,
1139 347 1192 379 Sic
1215 353 1270 378 tua
1290 353 1368 377 nota
1387 345 1482 382 fides,
1507 346 1547 376 fic
1569 343 1778 379 laudatiffima
1799 349 1904 380 virtus

75 400 170 433 Illius
189 400 309 432 decora
330 397 394 430 alta
415 392 516 428 refers
529 418 538 433 ‚
561 394 695 439 vivique
715 394 863 428 colorem
1141 395 1275 432 Crevit,
1295 396 1326 426 &
1354 401 1390 428 ut
1410 392 1539 426 Crescat
1560 394 1741 428 virtutibus
1757 394 1868 427 haeret
1891 399 1924 428 in
1943 395 2018 430 illis.

75 448 260 492 Exprimis‚
281 446 414 491 ingenio
434 443 603 477 excellens
624 445 849 490 methodoque
866 442 1019 477 docendi.
1138 445 1273 488 Ergone
1292 444 1510 488 Laurigerum
1533 450 1583 475 tot
1604 440 1745 476 frondea
1765 441 1850 477 serta
1871 440 2032 479 ferentem

74 496 249 542 Ingenium
272 496 454 539 optandum
474 491 587 526 multis
600 516 609 530 ‚
626 494 788 527 imitabile
805 492 918 536 paucis
1140 493 1232 526 Urbs
1247 500 1303 526 tua
1319 491 1384 535 jam
1405 490 1506 525 veluti
1526 492 1694 537 gaudenS,
1714 495 1824 531 canit,
1844 492 1955 526 omnia
1974 494 2139 537 plaudunt

74 547 154 579 Prae
173 547 220 578 Te
234 542 297 578 fers
310 567 320 584 ‚
341 548 374 578 in
391 546 440 576 Te
459 551 568 576 certus
590 541 719 577 latitare
738 544 872 576 videtur
1139 542 1317 584 Majorana
1339 539 1416 574 Tibi
1440 542 1480 573 sic
1500 540 1732 575 devinfflffima
1751 542 1860 575 Corda

74 593 197 628 Eximii
219 594 376 627 Doctoris
393 594 500 625 honos
517 591 619 636 (quis
639 590 739 626 nescit
750 593 790 631 P)
819 599 920 625 acuto
1140 592 1419 630 WELLENUMQUE
1440 592 1502 633 piis
1520 589 1637 623 animis
1654 588 1802 635 votisque
1824 589 2006 636 sequuntur
2018 615 2029 631 ‚

72 642 211 689 Ingenio
230 644 429 676 monstrante
449 645 544 675 viam.
575 642 655 673 Non
674 642 814 686 degener
839 641 962 674 naeres
1139 641 1185 674 Et
1205 648 1304 673 vovet
1328 638 1514 678 unanimis,
1535 638 1699 681 majorum
1722 641 1761 674 ad
1783 640 1914 674 culmen
1936 639 2109 677 honorum

72 694 240 737 Ingenitae
264 691 396 726 virtutis
418 700 496 724 ovas
510 714 520 729 ‚
540 687 746 735 sequerisque
764 692 943 724 Parentum
1140 688 1327 734 Perfingas,
1346 687 1423 721 Tibi
1439 686 1523 721 laeta
1541 689 1693 729 cohow,
1712 688 1815 722 modo
1834 687 1954 732 respice
1978 697 2103 724 mentes

73 740 516 787 Quo-fers-cunque‚pedes‚
540 738 671 783 vestigia
696 740 757 773 fida
775 747 911 774 tuorum
926 761 936 778 ‚
1140 737 1254 783 Usque
1272 740 1339 772 Tui
1359 747 1532 771 memores.
1562 736 1668 771 Solito
1691 748 1753 770 nos
1775 736 1899 782 semper
1917 747 2031 771 amore

74 792 118 824 Et
138 791 259 835 pariter
281 793 391 825 Patrui
410 791 585 831 Praecepta
603 786 743 822 salubria
763 788 865 822 Cordi
1140 789 1254 832 Atque
1274 792 1289 830 (
1301 795 1337 821 ut
1358 786 1509 830 coepisti)
1530 786 1646 821 affeetu
1666 796 1729 820 nos
1752 785 1874 830 semper
1895 787 2016 821 eodem

70 840 154 874 Sunt
174 841 271 874 infixa
296 849 378 878 tu0,
402 842 485 884 grati
509 847 578 882 quo
599 835 740 871 Consule
757 838 853 871 Cives
1137 835 1355 881 Prosequere,
1377 844 1524 869 aeternas
1545 833 1682 870 ferimus
1704 835 1783 869 Tibi
1807 839 1952 869 carmine
1975 843 2106 880 grates,

73 887 241 922 Hactenus
259 888 429 928 exultant,
450 883 600 922 Ani-erse
619 894 788 933 quotquot
810 890 845 921 in
870 885 966 921 Urbe
1138 886 1205 929 Qui
1230 887 1332 932 magis
1355 885 1488 931 augebis
1507 886 1677 931 quondam
1701 888 1832 930 majoris
1851 885 2008 919 honores.

854 978 874 1004 C
914 977 947 1002 II
986 976 1013 1002 R
1057 975 1081 1002 Ο
1121 976 1155 1003 Ν
1192 976 1211 1003 I
1248 976 1343 1003 CA.

593 1032 926 1063 LICENTIAE
967 1033 1283 1062 CORONAM
1325 1032 1620 1068 ΒΟΝΛΝΤ,

542 1094 877 1124 THEMIDIS
919 1095 1188 1125 Con.0NAE
1229 1096 1688 1129 FLORESCANT‚

387 1152 586 1182 SACRA
629 1152 832 1184 SERTA
873 1153 1131 1183 MAGNAS
1173 1153 1598 1183 LAETIFICANT
1641 1151 1819 1182 AEDES.

1316 1216 1496 1261 Applaudit
1520 1216 1686 1261 Collegium
1713 1215 1828 1258 Majus
1850 1213 1884 1247 S.
1903 1212 2050 1259 Spiritus.

119 1300 192 1336 NB.
217 1302 337 1337 Poema
358 1298 464 1341 illud,
487 1310 563 1337 cum
579 1300 678 1338 nimis
695 1300 765 1336 sero
784 1303 973 1346 pervenerit
995 1299 1030 1336 in
1051 1311 1168 1338 manus
1190 1303 1336 1345 nostras,
1353 1304 1551 1351 Legendum
1570 1303 1616 1337 est
1638 1301 1709 1346 post
1730 1301 1860 1336 Poema.
1886 1299 1965 1345 Pag.
1981 1308 2034 1334 12.

1010 1542 1193 1607 ‘2³5³ssss

1033 1609 1159 1687 {ff

1074 1732 1116 1831 a

724 1999 805 2101 ἦ
830 1962 1481 2126 Ξρέἑρέἕξὲᾅῖᾃ

1079 2306 1114 2361 e

842 1977 852 1994 9
