2414 3105
141 122 210 188 14

216 306 476 338 ILLUsTntserffi
500 312 538 336 ac
562 303 870 337 Revmmmssmffi
896 301 1135 334 DomNATtom
1160 299 1311 333 VESTRAE
1353 312 1356 315 ’

133 367 1305 400 fflfflWmma-«wmmmmmmssms
1318 376 1347 389 ..κ’
1442 374 1493 389 «ω»

978 427 1364 467 TITYRUS,

151 523 155 527 ›
174 539 243 576 Lyc.

176 696 233 723 Tit.

184 1284 241 1313 Tit.

608 96 934 184 Algemeyne
966 91 1357 181 Wrzamelinge
1392 95 1484 158 der
1519 91 1745 157 VVerlcen

183 207 339 239 Precatur
369 201 502 239 Interim
527 197 719 250 Iongaevum
744 204 822 237 vitae
850 198 1004 245 cursum,
1030 202 1203 234 florentem
1229 196 1421 233 Dioeceseos
1449 199 1591 240 statum,
1621 200 1653 232 δι
1685 192 1901 243 Episcopatus
1928 198 1979 233 tui
2008 198 2204 232 memoriam

136 253 375 298 sempiternam.

546 430 927 469 LYCIDAS,

307 477 321 559 Ι
363 527 443 567 Ityre
458 527 547 566 quid,
566 528 674 566 patulte
688 527 831 556 recubans
845 524 875 554 in
895 524 1025 562 gramine
1040 523 1131 562 ripae,

266 572 334 601 Otia
355 572 451 600 lentus
475 567 562 604 agis?
584 575 637 595 cur
660 576 719 596 non
734 589 742 601 ,
763 567 845 595 velut
870 573 935 594 ante
958 564 1092 598 solebas,

267 609 427 650 sylvestres
448 606 529 636 tenui
552 607 707 636 meditatus
731 605 874 635 arundine
895 611 998 633 cantus
1012 623 1021 637 ,

267 649 395 680 Extollis
418 647 468 676 vel
489 645 572 683 Paci-s
595 655 667 684 opes
682 669 689 680 ‚
713 646 760 674 vel
783 644 890 682 gaudia
916 641 1006 671 Ruris
1020 644 1034 669 ?

271 689 431 719 Suevimus
455 686 512 715 hoc
538 685 630 720 olim,·
657 685 737 714 dulci
762 682 958 714 modulamine
981 682 1095 717 valles,

268 730 307 760 Et
329 728 399 758 festo
427 724 526 754 vicina
549 725 623 754 sono
648 724 825 762 replevimus
848 732 941 753 arva;

268 769 321 799 Ast
341 765 429 797 modo
442 788 450 800 ,
471 765 540 793 dum
553 763 643 793 tristes
659 765 710 793 sub
728 764 848 802 peciore
865 760 1017 791 volvimus
1032 760 1114 790 aestus
1126 780 1137 796 ,

267 808 343 839 'Non
358 816 390 836 ea
404 813 475 835 cura
490 812 585 832 manet
598 814 605 835 ;
622 803 761 841 liquidem
776 801 871 840 neque
887 800 984 829 dulcia
999 808 1115 839 ternpus
1127 819 1137 834 ‚

269 847 338 878 Nec
360 845 441 875 duris
463 843 569 880 agitata
591 843 673 872 malis
697 843 758 872 sors
784 841 889 879 gaudia
910 839 1006 878 poscit

244 911 250 918 .
279 886 336 916 Dic
351 885 463 923 igiturz
490 890 556 919 quie
577 891 648 911 cura
669 883 772 910 tenet?
787 889 852 919 quae
876 880 976 918 pec‘tus
991 879 1120 919 Erinnys

269 925 406 962 Exagitat
420 926 433 950 ?
453 930 519 959 quae
541 921 597 950 fata
621 921 731 950 times?
801 929 837 949 an
860 920 932 948 dura
956 918 1100 948 Noverca

270 965 320 995 Est
343 963 396 993 tibi
417 961 494 991 forte
522 960 602 990 domi
617 963 630 988 ,9
655 960 799 990 nocuitne
827 958 993 989 virentibus
1019 958 1141 992 herbis,

269 1003 449 1035 Fruffibus‚
471 1007 520 1029 aut
543 1000 631 1037 segeti
651 1001 783 1038 grando,
805 998 957 1038 pluviaeve
979 997 1141 1035 frequentis

270 1043 390 1082 Copia,
411 1041 459 1070 vel
485 1039 573 1076 rigidi
597 1041 731 1077 quaedam
756 1039 943 1068 inclementia
971 1038 1063 1067 cccli?

269 1085 321 1114 An
333 1083 482 1121 pinguem,
492 1079 654 1108 stimulante
663 1078 748 1113 fame,
757 1080 846 1118 lupus
855 1077 968 1106 abstulit
979 1081 1142 1114 agnurn?....

270 1123 331 1153 Dic
358 1120 429 1151 mihi
444 1141 453 1155 ‚
477 1118 547 1152 dic,
571 1119 670 1156 qnaeso
685 1141 693 1153 ‚
720 1117 862 1147 deliderio
886 1116 984 1150 seire‚-
1009 1118 1143 1146 dolorem

270 1162 302 1192 Si
324 1169 436 1192 tantum
456 1158 548 1188 lenire
572 1167 675 1196 queam
689 1178 698 1192 ,
723 1167 768 1186 me
794 1165 880 1186 cerne
902 1163 1035 1194 paratum
1052 1167 1060 1183 .-

272 1201 421 1232 Conditur
435 1200 482 1228 hic
498 1198 620 1235 aliquid,
631 1206 694 1226 narn
710 1196 791 1227 frons
808 1195 949 1233 oculique
963 1196 1150 1233 loquuntur,

274 1242 335 1271 Etli
354 1240 454 1277 lingua
475 1246 553 1267 tacet
570 1248 578 1270 ς
600 1236 722 1275 quid.lit
736 1260 744 1271 ‚
768 1235 861 1269 mihi,
890 1240 979 1272 Tityre
992 1255 1001 1270 ,
1022 1244 1117 1264 narra.

281 1281 355 1311 Non
371 1289 415 1309 me
429 1278 486 1307 fata
498 1285 653 1316 premunt,
668 1276 817 1306 misermve
828 1275 1018 1312 incommoda
1032 1274 1115 1303 sortis
1139 1294 1149 1307 ,

280 1322 355 1359 Qute
375 1318 489 1358 profers
507 1327 514 1349 ;
540 1315 645 1354 Superi
668 1317 750 1352 largo
771 1315 839 1344 dant
865 1314 991 1352 plurima
1013 1322 1108 1343 cornu

280 1362 431 1392 Munera,
455 1356 554 1385 felices
575 1356 693 1384 securus
716 1359 840 1391 tranligo
864 1354 961 1385 soles;

279 1400 331 1430 Est
343 1406 439 1429 tamen
451 1417 460 1430 ,
482 1395 519 1424 est
533 1395 643 1432 aliquid
658 1414 666 1427 ,
689 1394 769 1431 quod
782 1402 841 1422 non
864 1394 968 1421 celabo
987 1391 1141 1421 Sodalem:

280 1436 433 1469 Occubuit
456 1434 578 1468 Pastor,
604 1433 752 1463 Pastorum
778 1432 908 1463 G101·'1a;
936 1431 1026 1460 Ruris

281 1477 430 1510 Deliciae,
450 1475 558 1504 Tutela
574 1493 583 1507 ,
603 1473 688 1502 Salus
706 1483 714 1504 ;
738 1472 810 1510 Spes
831 1480 909 1500 certa
934 1471 1107 1504 dolentum,-

279 1520 385 1548 Maeris
408 1515 503 1544 Amor
524 1512 656 1551 Populi;
682 1521 743 1548 quo
770 1520 829 1540 non
850 1510 1031 1549 prael'tantior
1054 1512 1146 1544 alter,

280 1557 354 1587 Non
373 1554 429 1584 fuit
454 1554 485 1583 in
508 1554 570 1581 tot-21
598 1551 700 1581 melior
727 1550 882 1588 Regione:
905 1558 1023 1589 paratus

281 1596 415 1634 Abjeffis
437 1591 571 1623 conferre
598 1600 715 1620 manum
737 1589 914 1627 dulcemque
936 1591 1086 1627 loquelam
1100 1609 1110 1624 ,

281 1636 322 1666 Et
346 1634 448 1667 solitus
475 1632 572 1660 mitem
596 1630 652 1660 fuit
675 1630 813 1660 omnibus
836 1631 922 1658 edere
944 1630 1068 1658 vultum.

282 1673 435 1706 Occubuit
447 1693 456 1707 ‚
468 1668 552 1709 quem
565 1670 659 1699 sunc'ta
672 1669 760 1699 Fides
772 1691 781 1703 ,
797 1678 883 1706 quem
897 1669 1023 1699 candida
1044 1666 1149 1697 mentis

283 1713 390 1744 Gratia
405 1733 413 1747 ,
430 1721 516 1750 quern
537 1709 634 1740 Pietas
645 1729 653 1744 ,
668 1709 830 1746 Virtusque
852 1710 979 1746 aequfirat
999 1709 1128 1747 Olympo
1140 1728 1150 1742 ,

284 1754 456 1790 Lougaevos
480 1750 617 1787 liquidem
644 1748 760 1786 placide
782 1749 938 1777 traducere
960 1748 1034 1777 soles
1050 1767 1059 1781 ,

285 1793 327 1822 Et
350 1792 463 1830 Pyliam
486 1790 591 1826 dignus
615 1791 718 1817 Moeris
743 1788 877 1826 superare
899 1788 1050 1816 senectam.

285 1832 458 1864 Occubuit,
483 1829 615 1867 Populus
637 1826 741 1856 meritc)
761 1836 847 1865 quern
867 1827 977 1865 semper
1001 1826 1133 1859 amavit,

287 1872 383 1909 Quem
398 1868 533 1900 Probitas
547 1877 662 1896 morum
672 1887 681 1902 ,
691 1867 816 1903 vigilans
830 1876 915 1904 quem
932 1876 1002 1896 curu
1017 1866 1150 1897 decerau

289 1910 391 1947 Usque
413 1908 486 1937 adef)
511 1916 564 1937 nos
590 1906 648 1935 fata
670 1915 829 1947 premunt,
851 1906 880 1935 δε
901 1906 1029 1943 squalida
1051 1906 1134 1935 luctu

288 1951 377 1980 Arva
398 1950 480 1978 suum
502 1946 588 1975 nobis
608 1945 743 1975 testamur
766 1945 875 1983 ubique
897 1947 1031 1974 dolorem
1049 1947 1054 1973 ἶ

290 1988 483 2018 Occubuit....
505 1986 540 2015 fic
565 1985 634 2022 ergo
655 1985 728 2014 nihil
751 1994 829 2014 mors
850 1985 951 2015 invida
970 1984 1096 2015 tranlis?

291 2029 417 2060 Pec‘tora
439 2027 475 2055 lic
498 2025 606 2059 etiam,
629 2026 723 2054 claros
745 2024 869 2063 speCiata
892 2034 944 2063 per
970 2024 1077 2058 ausus,

291 2068 388 2098 Fatali
408 2067 460 2096 sub
479 2066 543 2102 lege
564 2063 638 2093 facis
657 2065 846 2093 succumbere
860 2067 873 2091 ,9
895 2064 1006 2100 magnis

291 2108 360 2139 Nec
387 2105 502 2145 parcis,
525 2103 653 2132 Libitina
677 2102 761 2132 ferox
775 2125 783 2137 ‚
805 2103 978 2132 Virtutibus
993 2106 1005 2130 ,9
1029 2102 1118 2131 audes

294 2146 417 2176 Tollere
444 2146 479 2173 de
503 2143 601 2172 medio
626 2142 786 2172 nostrarum
814 2142 934 2171 Gaudia
961 2151 1057 2171 rerum
1073 2161 1080 2175 ‚

297 2183 525 2222 Sollicitumque
547 2182 642 2219 gregis
664 2181 819 2215 Studium,
840 2181 1006 2219 Curamque
1025 2181 1162 2210 fidelem?

298 2226 347 2256 Sic
362 2233 474 2263 ,rapto
498 2223 625 2252 Custode
636 2244 644 2256 ,
664 2221 742 2262 rapis
756 2221 846 2251 Bona
874 2221 996 2250 maxima
1010 2243 1017 2255 ,
1040 2221 1164 2253 Pacem,

300 2263 431 2294 Delicias
446 2284 455 2298 ,
476 2262 577 2291 Vitam
592 2284 599 2295 ,
626 2260 770 2299 rebusque
795 2263 938 2290 levamen
957 2261 987 2290 in
1009 2260 1095 2289 arftis
1109 2262 1122 2287 ?

301 2304 369 2332 I‘leu
392 2303 512 2334 nimium
530 2301 636 2330 tristem
656 2301 744 2339 spissa
767 2301 892 2337 caligine
913 2296 1019 2330 nubem

302 2343 426 2372 Pastoris
451 2343 512 2371 sors
532 2349 592 2370 atra
612 2341 703 2369 tulit!
731 2350 792 2377 quo
819 2341 920 2370 Sidere
947 2339 1033 2369 nobis

303 2382 437 2420 Erepto,
462 2381 555 2419 parsrm
576 2381 606 2409 in
628 2380 756 2409 tenebris
777 2378 806 2407 ἅ
830 2380 915 2409 ῃοδῐε
938 2377 1088 2418 profunda

304 2421 462 2455 Erramus,
482 2419 665 2457 totidemque
691 2428 786 2448 novas
809 2420 985 2448 offendimus
1008 2419 1135 2446 umbras.

260 2476 282 2493 e.
310 2461 448 2489 l‘atorum
476 2460 535 2488 Lex
557 2459 606 2488 ista
630 2458 707 2492 fuit,
731 2458 902 2496 Divt'unque
927 2459 1066 2488 voluutas
1081 2476 1090 2490 ,

311 2500 404 2538 Quam
426 2500 543 2528 turbare
567 2500 637 2528 loco
652 2517 661 2532 ‚
682 2497 800 2527 votisve
820 2505 975 2530 avertere,
998 2495 1071 2524 nulli

310 2539 366 2568 1⁵25
390 2539 443 2567 etit
467 2540 496 2567 in
518 2539 623 2569 terris‘.
648 2546 741 2575 parvo
763 2536 929 2566 discrimine
953 2544 1049 2564 rerum

311 2577 422 2609 Nostis
444 2579 546 2606 acerba
569 2586 669 2606 manus
689 2576 830 2614 supremis
853 2575 935 2606 instat
954 2574 987 2603 ἃ
1012 2573 1102 2608 imis,-

312 2618 365 2647 lna
390 2617 494 2650 metit,
519 2616 662 2654 quidquid
686 2615 831 2644 moriendi
855 2616 919 2651 lege
944 2621 1072 2642 creatum
1092 2623 1098 2642 ;

313 2657 439 2695 Regales
462 2656 525 2686 Dea
551 2656 633 2694 nigra
657 2656 761 2686 domos
776 2675 786 2690 ,
809 2654 994 2694 inopumque
1019 2654 1152 2683 tabernas

1252 687 1309 714 Tit.

1904 297 2124 340 Devotffmus
2149 297 2211 319 *Μ’

1691 365 2208 392 mmmm-mmm

1415 427 1790 462 CORIDON.

1339 521 1503 556 Concutit‚
1525 521 1554 551 &
1578 521 1639 552 fato
1653 545 1662 558 ,
1685 533 1771 561 quam
1798 523 1954 561 dignillima
1975 523 2064 552 laude
2079 544 2089 557 ,

1340 562 1464 591 Pectora
1487 562 1514 591 se
1539 563 1667 595 debent;
1691 563 1801 601 semper
1827 571 1927 593 movet
1946 567 2055 592 AEacus
2078 569 2209 595 urnam:

1340 601 1484 630 Omnibus
1506 600 1536 630 in
1562 609 1668 630 terram
1681 622 1690 637 ‚
1714 603 1785 632 vitae
1806 603 1857 640 qui
1881 603 2027 632 vescimur
2048 602 2118 630 aura
2134 620 2142 635 s

1340 640 1390 669 Est
1413 640 1492 672 irerz
1514 641 1551 669 ad
1575 649 1679 670 metam
1701 641 1807 671 Cuncti
1829 651 2022 681 properamus
2042 641 2174 670 eamdem

1343 680 1412 709 Hoc
1429 679 1565 717 equidem
1579 679 1673 709 fateor
1690 691 1698 712 ;
1720 681 1766 710 sed
1782 682 1848 719 quis
1862 701 1872 715 ,
1890 691 1956 710 cum
1969 681 2039 710 talia
2052 679 2145 710 cernit
2160 699 2170 714 ,

1344 719 1431 748 Talia
1455 729 1522 748 cum
1545 719 1667 748 memori
1686 720 1853 749 discrimina
1879 721 1999 759 pessore
2024 720 2124 753 vasat,

1344 758 1505 797 Temperet
1518 759 1704 797 {ilacrymisk‘
1717 780 1768 789 .....
1787 767 1899 788 teneras
1911 779 1920 794 ‚
1939 758 2066 789 Custode
2082 759 2214 794 jacente,

1344 798 1448 827 Saevus
1472 798 1553 827 Oves
1573 798 1677 828 rabido
1699 798 1817 837 posthac
1837 800 1926 837 lupus
1949 798 2060 827 auferet
2080 804 2132 826 ore
2145 815 2154 830 ‚

1347 838 1464 868 Crescet
1491 837 1521 868 ὅ(
1545 838 1575 866 in
1602 837 1711 876 campis
1734 838 1839 868 lolium
1865 837 1992 868 infelicis
2015 843 2137 869 avenae,

1348 878 1438 907 Unde
1461 877 1695 912 venitrscabies,
1719 877 1854 915 variique
1876 877 2008 916 pericula
2032 875 2128 905 morbi

1349 917 1487 946 Inficiunt
1512 917 1654 945 stabulum
1669 928 1677 950 ς
1693 917 1787 955 neque
1804 926 1858 946 nos
1880 917 1936 947 stne
1950 917 2016 945 labe
2039 914 2216 951 relinquent.

1348 956 1493 986 Pastorem
1517 956 1706 994 juvenesque
1722 964 1832 986 vocant
1843 976 1852 991 ‚
1865 955 2062 995 repetuntque
2079 954 2189 984 Puellae
2203 962 2213 984 ς

1349 996 1423 1025 Cum
1447 995 1630 1033 Senibusqne
1656 996 1748 1031 Viri,
1771 996 1884 1025 Matres
1898 1016 1906 1030 ‚
1929 994 2078 1033 Puerique
2098 992 2217 1023 vicillim

1350 1036 1510 1065 Inclamant
1532 1038 1664 1069 Moerin,
1687 1038 1771 1074 cujus
1798 1035 1949 1065 molimine
1974 1035 2085 1073 semper

1351 1075 1411 1104 Pax
1434 1077 1544 1104 firmata
1566 1075 1662 1109 stetit,
1686 1074 1806 1113 quosvis
1827 1083 1961 1104 avertere
1984 1075 2067 1104 casus

1352 1114 1412 1152 Qui
1435 1122 1588 1153 promptus
1610 1123 1677 1143 cum
1697 1115 1784 1143 laude
1808 1113 1862 1144 fuit
1876 1137 1884 1149 ‚
1906 1114 1955 1143 cui
1978 1114 2040 1143 vita
2065 1110 2197 1150 salusque

1354 1154 1455 1191 AEque
1483 1153 1577 1183 nostra
1600 1153 1679 1188 fuit,
1705 1162 1791 1191 quam
1819 1153 1938 1192 propria
1964 1153 2081 1190 gloria,
2107 1150 2216 1182 cordi:

1355 1193 1451 1230 Hujus
1471 1193 1522 1222 ubi
1543 1192 1630 1222 nobis
1652 1192 1808 1232 praedulcis
1831 1194 1932 1229 Imago
1959 1192 2105 1226 recurrit,

1354 1233 1551 1262 Monstramus
1569 1232 1660 1269 justos
1675 1253 1683 1267 ,
1707 1234 1837 1270 lacryma
1860 1240 2016 1266 currente,
2037 1232 2167 1260 dolores.

1355 1272 1509 1302 Ruricolae
1525 1293 1533 1306 ‚
1553 1273 1661 1310 quibus
1684 1280 1749 1301 ante
1770 1271 1827 1300 fuit
1850 1279 1966 1300 cantare
1990 1273 2130 1309 voluptas
2143 1293 2152 1304 ,

1354 1311 1541 1350 Suspendunt
1562 1311 1726 1342 citharzrmz
1751 1313 1863 1340 nullum
1890 1312 1938 1340 dat
1959 1310 2048 1340 fistula
2072 1318 2201 1339 cantum.

1355 1351 1438 1381 Hinc
1461 1360 1516 1388 ego
1540 1354 1621 1387 (nec
1644 1359 1739 1380 tantas
1761 1352 1846 1379 valeo
1869 1351 2014 1388 depellere
2036 1350 2143 1384 curas)

1355 1391 1500 1421 Fluminis
1523 1391 1559 1418 ad
1582 1390 1673 1428 ripam
1687 1410 1696 1424 ,
1716 1391 1856 1426 languens
1876 1388 2035 1429 prostratus
2055 1389 2085 1418 in
2109 1388 2220 1422 herba.

1356 1430 1485 1468 Aspicio
1508 1429 1612 1459 Naves
1627 1447 1636 1462 ,
1656 1430 1675 1458 fi
1691 1428 1795 1458 *forsan
1814 1428 1941 1465 imagine
1960 1429 2014 1457 eali

1357 1469 1517 1498 Tristitiam
1541 1468 1634 1498 lenire
1659 1478 1789 1507 queam;
1816 1468 1918 1497 verum
1943 1468 2041 1497 omnia
2064 1467 2151 1497 nobis
2191 1482 2199 1485 ’

1357 1509 1428 1538 Hoc
1454 1517 1545 1541 unum
1570 1515 1720 1545 nequeunt
1743 1507 1905 1546 spectacula
1927 1506 2003 1536 ferre
2024 1508 2159 1536 levamen
2173 1525 2183 1541 ‚

1356 1548 1399 1578 Ut
1422 1547 1466 1577 fas
1489 1549 1519 1576 lit
1542 1549 1645 1585 lugere
1669 1547 1786 1578 minum
1807 1556 1872 1584 qute
1896 1546 1972 1585 saepe
1995 1547 2165 1580 recursant,

1356 1589 1451 1617 Grata
1472 1587 1545 1616 Viri·
1563 1587 1654 1616 facies
1670 1607 1679 1621 ,
1705 1587 1864 1625 pe&usque
1891 1587 1926 1616 ad
1956 1587 2063 1624 lingula
2097 1588 2195 1615 natum
2210 1604 2221 1621 ,

1356 1627 1402 1657 Ex
1426 1627 1522 1656 ocuils
1545 1626 1640 1656 subito
1666 1628 1861 1665 lacrymarum
1892 1626 2011 1655 flumina
2041 1628 2176 1659 ducu'nt;

1357 1666 1483 1696 Auferet
1509 1675 1543 1695 ex
1565 1666 1662 1697 auimo
1685 1674 1798 1695 tantum
1824 1667 1874 1695 lux
1897 1666 1978 1694 nulla
2000 1666 2144 1695 dolorem.

1261 1712 1320 1748 Lyc
1353 1707 1393 1736 At
1417 1707 1434 1735 fi
1458 1705 1534 1735 forte
1553 1713 1639 1743 queat
1665 1706 1741 1735 ratio
1756 1726 1765 1740 ‚
1784 1705 1802 1734 fi
1827 1713 1941 1743 tempus
1957 1725 1966 1739 ‚
1993 1706 2021 1734 ἃ
2049 1706 2125 1735 ordo

1268 2031 1302 2058 Ti
1304 2036 1324 2055 t.

1358 1747 1418 1775 Hic
1439 1746 1564 1782 aliquem
1585 1745 1712 1784 reperire
1734 1746 1836 1774 locum
1850 1766 1859 1778 ,
1880 1746 1998 1781 deterge
2021 1745 2190 1779 madentes,

1357 1786 1437 1818 Oro,
1460 1794 1567 1822 genas;
1591 1794 1673 1821 quae,
1687 1784 1764 1818 Fata,
1781 1785 1863 1814 doles
1877 1805 1885 1819 ‚
1909 1784 1974 1821 quis
1989 1786 2108 1813 tendere
2125 1792 2229 1814 contra

1357 1825 1466 1855 Pollit?
1491 1825 1569 1853 adelt
1590 1832 1688 1861 gratus
1712 1823 1775 1862 post
1795 1823 1886 1853 tristia
1906 1825 2006 1852 nubila
2027 1824 2174 1854 Phoebus:
2198 1828 2202 1830 ’

1361 1865 1392 1895 Sl
1415 1865 1516 1893 doleas
1530 1883 1538 1897 ,
1560 1863 1659 1893 obiiss'e
1685 1863 1816 1897 Virum,
1840 1872 1928 1900 quem
1953 1862 2077 1892 candida
2099 1863 2170 1892 vitae

1362 1903 1468 1934 Gratia
1487 1904 1696 1936 commendat,
1716 1903 1767 1941 qui
1787 1901 2010 1932 servantillimus
2034 1902 2112 1939 sequi
2125 1924 2133 1936 ,

1362 1944 1422 1981 Qui
1442 1942 1566 1980 vigilans
1591 1941 1620 1971 &
1642 1942 1723 1980 pacis
1745 1950 1867 1974 amans;
1892 1941 2020 1970 Coelestia
2046 1942 2191 1981 numquid

1326 1991 1327 1995 ¹
1363 1982 1496 2013 Numina
1517 1981 1635 2010 funestis
1656 1980 1771 2020 pofl'unt
1797 1982 1968 2011 succurrere
1989 1979 2054 2009 fatis
2068 1982 2082 2007 ,2

1364 2023 1434 2051 Hoc
1448 2020 1543 2050 fateor
1556 2031 1563 2052 ς
1580 2021 1641 2050 sors
1662 2020 1755 2050 nostra
1770 2029 1865 2050 tamen
1889 2020 1975 2050 nimis
1993 2020 2092 2057 aspera
2104 2044 2111 2055 ‚
2126 2019 2212 2049 dictis

1366 2061 1408 2090 Ut
1426 2062 1536 2090 valeam
1552 2059 1683 2098 praestare
1706 2061 1790 2090 fidem
1805 2071 1812 2091 ;
1828 2060 1908 2097 quod
1921 2082 1930 2094 ‚
1950 2068 2071 2097 nempe,
2084 2060 2231 2094 subimus,

1367 2100 1486 2129 Vulnus
1513 2099 1680 2129 inexhausta
1706 2100 1859 2128 saeclorum
1885 2100 1960 2129 sorte
1984 2099 2091 2129 redibit
2107 2111 2115 2133 ;

1367 2139 1441 2179 Non
1469 2139 1529 2168 cito
1558 2140 1719 2178 depereunt
1732 2159 1741 2173 ,
1761 2139 1862 2168 animis
1883 2139 1970 2168 infixa
1985 2161 1993 2173 ‚
2017 2139 2131 2176 favoris

1369 2179 1553 2217 Argumenta
1568 2199 1576 2212 ‚
1600 2179 1650 2207 diu
1676 2178 1846 2217 semperque
1868 2178 1994 2208 recurrit
2019 2179 2126 2216 imag'o.

1271 2227 1340 2265 Lyc·
1367 2218 1416 2247 Est
1438 2228 1547 2256 grave,
1571 2218 1694 2247 Pastoris
1709 2241 1718 2252 ,
1744 2218 1794 2247 cui
1819 2219 1909 2248 moles
1933 2219 2023 2247 ardua
2045 2228 2142 2248 rerum

1369 2258 1531 2293 Incubuit,
1553 2257 1646 2287 stabili
1665 2258 1808 2294 jacturam
1834 2267 1929 2286 mente
1951 2257 2069 2291 subire3

1370 2298 1413 2327 At
1437 2299 1519 2336 spes,
1540 2306 1606 2335 quae
1630 2297 1755 2334 superest
1773 2319 1779 2330 ‚
1803 2297 1882 2327 dulci
1909 2298 2101 2328 medicamine
2124 2298 2237 2328 vulnus

1370 2337 1512 2367 sublevat
1529 2360 1536 2371 ,
1560 2337 1589 2366 ἃ
1614 2336 1724 2367 miseris
1748 2335 1841 2366 adfert
1861 2336 2000 2365 solemnia
2020 2336 2088 2367 fatis
2104 2350 2113 2368 ·.

1372 2377 1422 2407 Tu
1446 2386 1480 2405 ne
1508 2378 1579 2405 cede
1605 2376 1687 2404 malis
1702 2399 1709 2410 ,
1731 2376 1780 2405 sed
1808 2378 1911 2405 contra
1932 2375 2058 2406 fortibus
2085 2378 2128 2408 ito

1373 2415 1548 2453 Auspiciis;
1573 2416 1653 2453 spera
1671 2427 1679 2449 ,·
1697 2416 1860 2453 jucundior
1886 2425 1955 2445 aura
1975 2415 2089 2446 favebit
2106 2429 2112 2447 :

1375 2456 1478 2493 thue
1499 2456 1618 2484 modum
1643 2464 1737 2492 ponas
1757 2455 1895 2493 lacrymis
1909 2478 1917 2489 ,
1937 2455 1991 2484 tibi
2012 2456 2110 2486 dulcia
2129 2464 2220 2496 porto

1375 2494 1497 2525 Nuncia
1511 2515 1520 2529 ,
1541 2503 1606 2533 quae
1630 2495 1738 2523 nostras
1763 2494 1894 2531 divulgat
1921 2498 2008 2523 Fama
2030 2505 2080 2535 per
2107 2506 2172 2526 oras
2190 2507 2198 2531 ς

1375 2535 1449 2564 Haee
1474 2543 1558 2563 curas
1581 2534 1679 2562 delere
1705 2534 1802 2563 valent
1829 2533 1947 2572 suspiria
1972 2535 2077 2564 filiunt.

1376 2573 1531 2603 Adveniet
1551 2573 1669 2606 Pastor,
1693 2573 1775 2610 cujus
1798 2573 1959 2610 Vigilantia
1973 2595 1983 2609 ,
2003 2575 2107 2604 Virtus
2121 2595 2131 2610 ,

1377 2612 1549 2649 Ingenium,
1575 2612 1663 2642 Zelus
1679 2634 1687 2646 ,
1712 2612 1811 2641 varios
1833 2614 1958 2651 spe-&ata
1980 2623 2030 2652 per
2053 2615 2139 2643 ausus
2152 2632 2167 2648 ,-
2197 2625 2201 2627 ’

1378 2651 1550 2682 Exhilarant
1572 2652 1708 2686 animos,
1730 2653 1900 2683 rumoribus
1924 2653 1987 2682 aeta
2010 2653 2143 2684 secundis
