2414 3105
473 174 577 214 van
595 153 742 234 syne
773 147 1318 232 Hoogweerdigheyd
1335 151 1395 228 J.
1431 150 1497 209 T.
1525 151 1584 227 J.
1616 147 1846 210 W‘ellens.
1978 129 1980 132 ,
2135 165 2189 225 ῳ9

126 254 343 296 Ρῐονεῖιίωτ,
356 254 543 298 Victorque
567 253 693 295 Sophos
712 250 932 295 supereminet
953 260 1076 284 omnes.

126 309 209 341 Non
234 316 341 340 tamen
364 307 429 345 (ut
450 302 608 347 quidam)
632 301 757 344 proprii
777 300 917 343 jactator
940 300 1078 333 honoris

126 355 350 399 Aspeetandus
370 353 478 391 adest,
501 348 656 395 generosa
677 351 833 384 modestia
851 348 983 382 laudem

129 402 313 438 DiffimuIat
326 426 335 441 ‚
348 397 557 443 tumidosque
579 400 693 432 domat
711 399 762 432 bis
779 399 898 432 Vistor
921 398 1074 431 honores.

129 453 210 494 Quis
230 449 346 495 Populi
365 450 508 482 studium
530 448 718 481 memoret?
741 458 817 480 cum
833 447 933 480 Plebe
953 448 1092 480 Senator

127 503 269 536 Excitus
286 498 438 532 instinctu
458 495 567 535 socio,
586 499 747 540 puerique
767 495 921 541 senesque

132 549 359 588 Concurrere,
376 545 442 580 tuis
460 556 529 578 non
549 543 632 578 faeta
652 544 797 578 indebita
820 543 921 578 fa6tis.

130 597 294 631 Omnibus
315 600 348 630 in
373 596 465 629 tectis
484 604 626 628 matrum
652 595 793 633 chorus,
811 593 918 626 omnis
939 593 1102 626 honorem

129 645 306 689 Aspectare
325 644 432 678 oculis
446 668 455 683 ,
477 641 679 688 pedibusque
697 642 857 688 attingere
877 650 979 676 certat

130 694 305 728 Victorem
325 701 518 738 :nequeunt
540 691 665 735 expleri
686 693 787 725 corda
807 692 962 725 videndo,

132 743 274 777 Dixiss'es
299 744 422 777 rediisse
441 743 511 775 dies
524 765 534 782 ,
554 741 675 786 quibus
698 740 762 773 alta
784 739 935 774 subactos

131 792 254 825 Vitstor
272 802 370 838 agens
385 791 502 825 Gallos
515 814 524 829 ,
545 789 678 823 scandat
698 789 861 833 Capitolia
881 786 993 822 Caesar.

133 839 205 883 Ipse
225 841 437 886 Magistratus
458 848 537 872 nato
557 837 619 872 sese
641 838 761 872 obvius
786 839 883 872 oflert
896 861 905 877 ,

135 889 322 922 Victricem
341 889 441 922 Primi
461 889 608 935 gaudens
630 890 823 932 contingere
843 888 991 920 dextram
1008 897 1018 927 ς

136 938 285 971 Munera
303 937 479 974 concedit,
501 937 651 969 manibus
673 938 749 969 data
774 946 910 969 munera
931 934 1029 979 largis
1047 957 1058 973 .
1109 948 1112 952 ’

137 984 335 1029 Hesperidas
355 986 485 1019 donasse
511 994 615 1028 putes.
647 985 735 1024 Quid
760 983 933 1028 persequar
957 993 1073 1017 omnes

142 1034 338 1081 Rhedasque
358 1032 555 1079 structosque
573 1033 686 1080 ignes?
705 1033 766 1065 Me
787 1032 879 1075 copia
898 1035 1011 1065 vincit.

1193 252 1281 292 Quid
1304 249 1448 284 recolam
1472 248 1612 294 aequales
1632 252 1666 282 in
1684 252 1782 283 Sacro
1804 249 1941 285 Pulvere
1961 260 2079 290 curas,

1192 301 1236 333 Et
1258 298 1353 332 feffos
1376 300 1560 332 Doctorum
1584 299 1676 331 aestus
1696 297 1842 341 responsa
1862 300 2073 343 stupentum?

1192 350 1270 382 Hoc
1279 348 1375 389 aliis(
1390 358 1451 381 nec
1465 346 1742 389 enimSophicum
1754 348 1822 388 est)
1833 358 2011 381 memorare
2022 347 2189 395 relinquo²

1196 397 1285 438 Quid
1309 394 1447 430 referam
1470 404 1595 441 quanto
1616 395 1744 435 studio,
1767 405 1961 440 quantoque
1979 394 2090 432 favore
2103 419 2115 437 ,

1195 447 1234 478 In
1257 447 1380 488 majore
1399 447 1513 479 Domo
1535 445 1636 487 major
1656 446 1703 476 Te
1722 443 1839 478 Praeses
1857 448 1994 484 amarit;

1197 496 1230 528 A
1256 506 1323 539 quo
1345 505 1412 527 non
1435 495 1573 527 modica:
1591 492 1663 526 laus
1682 494 1727 525 est
1751 496 1885 527 virtutis
1904 496 2015 527 amari.

1194 545 1271 577 Nec
1293 542 1430 582 Praeses,
1449 553 1511 576 nec
1527 545 1574 575 Te
1594 540 1758 575 absentem
1781 540 1933 576 laetantur
1957 539 2099 576 Alumni
2121 554 2129 574 ι
2183 555 2186 558 >

1194 594 1321 626 Tantus
1339 603 1431 625 amor
1451 591 1598 626 cunctis!
1619 590 1714 624 Solus
1738 589 1904 625 lactabitur
1924 590 2015 624 Ales.

1195 642 1287 674 Hinc
1309 650 1446 674 exorato
1470 644 1573 682 (nam
1595 649 1698 682 nuper
1720 640 1812 672 abire
1830 644 1984 683 pararat)

1196 691 1289 724 Laeta
1307 690 1384 723 Tibi
1410 692 1510 723 donat
1529 687 1680 723 subsellia
1701 687 1856 722 scandere
1875 688 1990 722 Falco.

1198 740 1288 784 Ergo
1314 739 1393 784 ag'e3
1413 740 1502 784 qnod
1525 737 1664 772 Grudiis
1689 744 1800 782 gratus
1824 739 1998 771 Snellartus
2025 736 2168 771 Athenis
2183 759 2194 776 ,

1198 790 1362 832 Quodque
1382 790 1629 832 Magermannus
1650 785 1786 820 Grudiis
1809 787 1872 821 Vir
1897 785 2049 821 Fascibus
2073 794 2166 830 aptus
2184 807 2195 825 .

1199 839 1243 871 Et
1262 837 1475 871 Praedeceffor
1502 838 1715 875 Brunincxzssus
1737 844 1812 868 ante
1837 835 2024 875 docebant,

1202 888 1385 928 Anverfizni
1405 895 1539 924 omnes,
1561 884 1705 917 decorati
1726 883 1869 927 pellibus
1891 894 2006 917 omnes

1202 935 1286 968 AEde
1301 933 1506 973 Cathedralig
1526 932 1625 967 titulo
1647 933 1853 966 decorandus
1873 933 1990 967 eodem

1202 984 1273 1023 (Ni
1298 983 1420 1024 majora
1443 983 1718 1022 vocent)d0ceas
1742 982 1929 1014 Doetiffime
1954 983 2198 1023 WELLENS,

1203 1030 1457 1077 Consimilesque
1475 1031 1552 1065 Tibi
1571 1029 1694 1065 formes
1713 1030 1870 1065 Falconis
1889 1028 2064 1066 Alumnos.

828 1102 1167 1131 CHRONICA
1223 1103 1542 1139 QUATUOR.

415 1160 715 1194 FALCONEM
766 1161 967 1193 JACOBE
1020 1160 1220 1194 ΑΒΕΑε,

448 1200 754 1232 ‘rALCONIs
796 1199 1154 1235 CATHEDRAixr,

1273 1163 1287 1177 ⁸
1311 1161 1549 1191 AsCENDE
1609 1160 1893 1192 RELICTAM

1196 1200 1407 1232 'DOCTE
1450 1201 1716 1230 DOCENDA
1758 1201 1889 1231 poLI.

144 1319 1211 1412 fflffl-——q—:ss———QW

1504 1261 1596 1289 carM
1595 1263 1611 1288 I
1611 1271 1648 1288 na
1660 1262 1723 1296 faL
1728 1263 1763 1288 Co
1784 1262 1892 1289 Dabat.

1899 1318 2187 1405 ===Q³e

2164 1385 2193 1408 a,

140 1429 330 1469 Praebui,
350 1431 534 1464 Reverendo
548 1430 722 1463 Admodum
747 1442 785 1463 ac
809 1432 979 1477 Dofflffimo
992 1431 1148 1467 Domino,
1171 1431 1307 1464 Domino
1317 1430 1505 1474 JACOBO
1520 1430 1928 1475 THOMAEJOSEPHO
1949 1427 2203 1465 WELLENS‚

193 1480 417 1522 Antverpienfi
438 1479 542 1511 Sucrae
565 1480 715 1511 Romanae
736 1479 882 1522 Ecclefiae
899 1483 1044 1513 Diacono
1065 1478 1192 1521 insignis
1210 1479 1300 1511 Eccl.
1323 1480 1396 1512 coll.
1421 1480 1579 1523 S.‘Jac0bi
1601 1481 1787 1523 Antverpz'ae
1809 1481 1963 1513 canonico
1981 1479 2012 1510 S.
2033 1478 2202 1520 Theologiae

193 1528 458 1569 Baccalfbrmato
475 1530 507 1559 ἱη
521 1528 711 1560 celeberrimo
731 1528 918 1573 Paedagogio
938 1527 1180 1560 FALCONIS
1190 1549 1200 1567 ,
1215 1528 1381 1577 erofeffbri
1401 1528 1586 1581 Digniffimo
1600 1529 1727 1561 Recens
1745 1530 1829 1562 elec70
1839 1550 1850 1567 ‚
1864 1530 1911 1561 die
1939 1538 1975 1570 17
1991 1528 2078 1559 Maii
2102 1533 2201 1567 1751.

149 1594 347 1676 MUlta
368 1641 446 1675 mihi
466 1642 599 1676 dubiam
619 1641 719 1676 traxit
743 1641 902 1676 sententia
925 1649 1090 1681 mentem,

148 1690 251 1724 Unde
269 1693 359 1733 prius
381 1690 477 1735 coepti
499 1700 608 1725 currat
628 1692 708 1725 mihi
729 1695 881 1726 carminis
901 1693 985 1725 ordo
998 1714 1007 1729 ‚

145 1739 301 1773 Materia:
320 1743 417 1773 nimis
435 1740 540 1783 ampla
560 1742 655 1785 Seges
679 1741 756 1774 dum
782 1740 812 1774 se
835 1741 934 1774 obvia
957 1739 1090 1783 praebet.

147 1788 223 1821 Vos
247 1788 326 1820 mihi
350 1788 491 1822 Pierides
513 1799 680 1833 promptas
702 1792 735 1824 in
760 1790 912 1824 Carmina
933 1793 1018 1823 vires

146 1838 307 1875 Sufficite‚
328 1846 426 1881 atque
449 1837 593 1871 animum
617 1837 720 1873 solitis
744 1840 820 1873 date
841 1839 991 1873 cantibus
1009 1847 1141 1884 aptum,

147 1886 240 1919 Dum
266 1885 345 1918 mihi
366 1889 520 1920 Wellenus
541 1886 711 1921 Musarum
733 1887 845 1922 nobile
863 1890 977 1922 Petitus

147 1934 383 1968 Decantandus
407 1938 492 1976 erit,
517 1933 625 1970 faveat
648 1937 727 1971 mihi
749 1936 864 1972 Praeses
885 1936 1034 1980 Apollo,

146 1984 262 2016 Turba
285 1984 427 2016 Novena
449 1982 522 2018 fave
543 1985 659 2019 nostris
679 1996 748 2019 non
771 1986 881 2020 invida
901 1986 1033 2021 Mettis.

147 2033 204 2066 Est
227 2035 355 2066 animus
375 2032 473 2067 nobis
493 2036 634 2068 vestrum
659 2043 790 2068 cantare
809 2035 972 2070 Clientem

148 2083 317 2115 Wellenum
329 2103 339 2121 ‚
358 2090 456 2126 atque
473 2082 569 2117 illum
593 2083 717 2117 meritis
736 2083 887 2118 attollere
904 2086 943 2118 ad
968 2088 1063 2121 Astra

149 2130 341 2170 Laudibus3
363 2129 497 2174 aspirate
511 2156 520 2172 ‚
542 2143 678 2175 precor,
699 2132 875 2178 coeptisque
899 2132 1023 2170 favete!

148 2179 233 2212 Non
255 2178 335 2212 mihi
355 2182 375 2212 si
396 2190 526 2214 centum
551 2182 690 2227 Lingua:
713 2184 772 2215 sint
794 2193 917 2228 oraque
944 2193 1076 2218 centum

151 2228 205 2262 Ac
226 2229 365 2261 totidem
385 2229 552 2268 Charites,
572 2229 771 2273 complectar
796 2232 919 2277 singula
940 2233 1052 2267 verbis

153 2277 339 2320 Wllenz'que
361 2288 478 2322 queam
502 2279 614 2325 dignas
637 2279 875 2321 comprendere
900 2282 1013 2316 laudes
1029 2305 1039 2321 ,

157 2323 228 2357 Aut
247 2336 319 2372 qua:
339 2327 542 2372 Magnorum
563 2328 683 2362 meruit
702 2327 826 2375 fastigia
849 2330 1027 2365 honorum.

156 2371 287 2417 Integer
308 2376 352 2407 est
372 2379 468 2417 vitae,
491 2376 586 2411 claris
609 2377 791 2411 virtutibus
813 2379 949 2420 auctus,

159 2420 299 2453 Artibus
315 2423 497 2464 excellens,
521 2427 685 2471 doffiioque
708 2426 873 2461 exercitus
892 2426 949 2462 usu
964 2452 975 2469 ,

158 2468 306 2504 Exhibet
325 2469 472 2516 ingenuae
492 2475 592 2508 decus
610 2474 803 2509 inviolabile
823 2477 951 2511 mentis.

159 2516 251 2550 Urbs
273 2518 416 2553 Anversa
434 2524 551 2557 Parens
573 2523 655 2557 tanti
673 2525 875 2563 incunabula
894 2528 975 2560 Nati

159 2564 279 2601 Gavisa
299 2567 481 2610 obstupuit,
504 2573 615 2614 primis
636 2583 734 2618 quem
755 2575 838 2607 vidit
861 2575 902 2609 ab
925 2574 1018 2610 annis

159 2617 309 2648 Aurelios
326 2619 561 2664 interJuvenes
578 2620 726 2656 subsellia
748 2624 856 2656 Prima

160 2665 342 2706 Scandere,
364 2667 394 2699 &
417 2670 575 2703 Aonidum
596 2671 742 2707 victricia
759 2673 845 2718 figna
862 2672 976 2709 tulisse.

1207 1643 1397 1678 Hannoniae
1423 1644 1462 1677 ad
1490 1645 1630 1678 Montes
1652 1640 1732 1677 dein
1753 1641 1850 1677 illum
1875 1641 1985 1677 fiervor
2005 1639 2144 1676 anhelus

1208 1692 1365 1736 Abi-ipit,
1388 1694 1441 1726 hic
1459 1692 1569 1734 junxit
1590 1691 1708 1726 Latiali
1734 1693 1894 1725 Idiomata
1919 1693 2060 1736 Lingua:

1207 1741 1357 1780 Gallica,
1377 1740 1616 1786 Musarumque
1637 1741 1727 1775 simul
1753 1740 1932 1774 Penetralia
1955 1743 2084 1774 Primus

1207 1794 1340 1825 Summa
1362 1798 1451 1824 tenet
1464 1813 1474 1829 ‚
1493 1789 1684 1834 semperque
1706 1789 1756 1823 illi
1774 1787 1839 1823 fuit
1861 1801 1974 1835 aequus
1993 1787 2130 1832 Apollo.

1207 1841 1288 1874 Inde
1314 1838 1396 1883 petit
1415 1838 1583 1872 Grudium
1609 1837 1706 1873 solito
1725 1836 1854 1873 fervore
1878 1841 2059 1882 Lycaeum,
2097 1873 2100 1875 ,

1208 1891 1315 1933 Inque
1336 1890 1447 1921 Domo
1469 1889 1602 1921 Triados
1621 1886 1821 1922 Dialecticus
1840 1887 1979 1931 impiger
1999 1887 2091 1920 audit

1210 1939 1405 1980 Wellenoque
1426 1935 1546 1970 iterum
1569 1935 1634 1969 visa
1655 1939 1698 1970 est
1721 1935 1788 1979 spes
1806 1940 1912 1980 prima
1930 1934 2061 1976 favere,

1209 1988 1270 2022 Ast
1289 1995 1397 2019 tantos
1419 1982 1570 2019 frustrata
1590 1982 1655 2019 suit
1676 1983 1811 2020 fortuna
1830 1985 1958 2019 labores

1212 2036 1350 2073 Invida,
1376 2045 1450 2079 quae
1467 2034 1592 2079 magnis
1614 2036 1688 2068 raro
1711 2035 1885 2068 conatibus
1907 2044 2008 2079 acqua.

1212 2085 1300 2117 Mox
1317 2083 1518 2118 Falconenfis
1541 2085 1733 2129 gratissimus
1752 2083 1862 2117 incola
1883 2082 1975 2116 Teffi

1211 2134 1257 2167 Et
1278 2134 1406 2175 Sophiae
1426 2131 1495 2165 laus
1518 2143 1632 2177 magna
1653 2132 1778 2166 Scholae
1800 2134 1935 2166 Wellene
1956 2128 2110 2177 refulges.

1211 2183 1281 2216 Hic
1301 2183 1364 2215 tibi
1386 2180 1472 2224 spem
1493 2184 1591 2224 primi
1614 2180 1709 2225 spolii
1729 2181 1920 2216 victricibus
1942 2180 2015 2215 Alis

1212 2230 1312 2264 Falco
1336 2241 1449 2274 parat,
1470 2231 1531 2264 tibi
1551 2232 1664 2273 pandit
1686 2230 1768 2270 iter,
1785 2230 1988 2274 primamque
2013 2231 2182 2266 Coronam.

1213 2281 1316 2313 Offert
1331 2302 1341 2318 ,
1366 2277 1611 2325 magnanimus,
1632 2278 1793 2324 nulloque
1813 2289 1933 2323 pavore
1953 2277 2109 2313 vacillans

1215 2329 1400 2362 Perstiteras
1419 2329 1544 2366 νίἃοτ,
1560 2329 1637 2360 Sors
1658 2338 1731 2373 quae
1751 2331 1808 2362 vix
1827 2331 1966 2373 contigit
1989 2326 2073 2370 ulli,

1214 2376 1339 2411 Blanda
1358 2377 1419 2410 tibi
1437 2375 1537 2415 favit,
1558 2386 1609 2410 res
1626 2378 1668 2410 est
1691 2388 1728 2410 ea
1750 2379 1850 2423 digna
1870 2376 1974 2411 relatu
1987 2401 1997 2416 ‚

1214 2427 1420 2460 Cuntftorum
1441 2436 1481 2460 ex
1502 2424 1588 2459 votis
1608 2426 1735 2460 Primus
1755 2428 1890 2460 {Vellene
1911 2427 2033 2460 stetisti.

1213 2476 1289 2509 Nec
1311 2485 1401 2508 mora
1424 2488 1430 2509 ι
1449 2473 1588 2517 Majoris
1604 2474 1720 2509 Praeses
1737 2485 1768 2508 te
1787 2476 1911 2518 ὗζγίνὶυς
1934 2476 2011 2509 aedis

1215 2522 1352 2567 Suscipit
1370 2525 1534 2563 Eximius,
1556 2525 1704 2558 mirabile
1726 2528 1845 2559 mentis
1863 2535 2003 2559 acumen

1216 2572 1403 2616 Conspicit,
1424 2574 1611 2618 erudiitque
1631 2573 1821 2620 ingentibus
1840 2574 1947 2607 usibus
1970 2582 2094 2616 aptum.

1216 2622 1378 2657 Praeterea
1397 2622 1477 2667 quid
1500 2620 1607 2668 quaeso
1627 2630 1687 2655 tuo
1706 2624 1785 2667 quid
1810 2625 1916 2656 Prime
1936 2622 2060 2656 Decori

1217 2672 1307 2716 Quid
1327 2670 1426 2706 laudi·
1437 2673 1571 2707 Wellene
1592 2674 1731 2707 canam?
1751 2682 1861 2720 quove
1879 2672 2002 2708 Ordine
2022 2674 2183 2719 pergam?

1360 2725 1396 2769 C
