2414 3105
177 131 247 191 32

166 217 242 264 Jam
261 213 337 249 satis
359 210 523 249 indultum
543 211 589 245 est
606 210 734 254 Sophiae
746 232 756 249 ,
772 208 818 243 iat
836 211 995 251 temporis
1016 206 1074 243 illa

172 264 342 300 Hactenus
363 262 526 307 abripuit,
546 262 704 294 Themidis
729 267 761 292 te
778 258 853 301 jura
876 256 1072 301 reposcunt,-

171 315 387 359 Aggredere‚
405 315 436 345 &
461 313 572 345 nostro
595 317 627 342 te
648 309 778 343 tandem
799 308 899 342 redde
919 306 1037 341 labori.

170 364 232 399 Sed
250 365 352 397 Sacra
374 372 454 394 mox
472 361 646 394 Themidem
665 355 766 404 subiit
781 358 932 391 Doffrina
952 355 1147 397 loquentem

171 411 310 446 Talibus
329 425 337 446 :
355 410 409 444 hic
433 412 557 443 nostras
575 407 705 451 juvenis
727 403 901 440 descendet
924 407 963 439 ad
989 405 1075 438 aedes

171 461 378 507 Relligionis
401 470 513 493 amans
529 482 539 498 ‚
557 458 670 493 studiis
691 456 828 496 antiqua
849 454 976 490 tenebit

172 512 358 556 Dogmata,
377 512 408 543 &
431 508 613 542 hesternam
633 503 735 539 discet
756 505 953 538 convincere
977 501 1123 537 turbam.

170 563 307 596 Saucius
328 563 403 605 igne
429 556 520 591 sacro
548 551 810 602 quam-primum
831 553 871 587 ad
893 550 1009 585 limina
1029 548 1138 584 tendit

173 611 319 652 „Majorc's
341 607 527 643 veneranda
547 606 668 640 Dormis
688 615 694 635 :
713 602 770 634 hic
792 601 917 645 inclyta
939 608 1051 644 portas

171 656 297 694 Illaesas
316 655 443 695 servat,
469 654 592 698 triplici
612 653 795 688 diademate
816 650 943 686 sacrum

175 708 318 751 ‚Relligio
344 706 495 739 redimita
516 712 631 748 caput,
651 699 853 746 pedibusque
877 697 1035 742 superbos

174 750 384 790 conculcans
405 753 532 787 animos
545 777 556 794 ,
581 749 817 794 debellatisque
839 748 1043 791 triumphans

175 805 354 843 Hostibus,
376 806 407 836 &
428 803 532 836 cuivis
555 802 694 836 intranti
710 798 798 833 sacra
818 796 973 842 propinat

175 853 288 891 Vina,
308 851 429 897 quibus
448 850 582 886 stolidos
601 851 700 883 docet
719 848 840 882 evitare
861 845 1001 881 recentis

175 903 316 936 Errores
337 903 443 934 turb'ae
456 924 464 939 ‚
492 908 610 932 contra
631 899 702 933 hoec
721 895 876 931 immania
896 896 1038 928 monstra

174 953 297 986 ‘Ar-mat
311 973 320 988 ,
342 953 372 983 &
391 948 566 995 ingress'um
588 949 754 983 mundano
776 944 924 979 occludit
946 947 1063 981 amori.

174 998 364 1033 Illastatim
385 998 539 1042 juvenem
557 996 679 1033 divinis
698 997 806 1042 Virgo
827 993 884 1028 sub
907 993 967 1028 alis

176 1047 391 1091 Discipulum
414 1047 592 1085 assumens,
617 1046 768 1089 mysteria
785 1044 872 1079 sacra
895 1044 1047 1078 docebat.

177 1100 238 1133 Ast
262 1098 311 1130 his
332 1095 471 1131 ulterius
493 1094 603 1129 studiis
623 1104 691 1127 non
713 1098 857 1138 praebuit
877 1091 971 1128 illum
985 1114 994 1130 ‚

176 1148 239 1181 Sed
260 1157 360 1189 quem
381 1156 437 1189 per
455 1148 604 1190 geminos
625 1145 791 1188 qnondam
818 1144 1000 1176 nutriverat
1023 1147 1129 1173 annos

178 1197 351 1239 Tyronem
374 1194 514 1237 sophiae‚
538 1200 708 1226 veneratur
730 1194 827 1227 Falco
850 1191 1056 1236 Magistrum.

177 1243 329 1280 Sollicita
348 1244 403 1277 hic
421 1242 531 1277 rursus
551 1243 712 1275 mundum
732 1245 860 1275 ratione
877 1238 1009 1273 secutus

178 1292 302 1331 Intima
325 1292 462 1328 rimatur
487 1302 619 1331 rerum3
639 1301 709 1335 quae
732 1290 810 1324 luna
829 1287 975 1323 recursus

179 1344 319 1379 Nutriat
338 1344 474 1382 Oceani·‚
494 1351 562 1385 quo
582 1337 688 1377 fradra·
704 1343 852 1373 tonitrua
872 1345 998 1376 vent0·‚

180 1393 263 1433 Quis
282 1392 388 1424 trahat
408 1389 595 1424 imbriferas
613 1392 738 1428 nubes;
761 1398 828 1430 quo
853 1386 925 1420 saxa
950 1385 1104 1417 cre'e'ntur

181 1439 383 1481 Grandinis3
402 1441 487 1475 unde
507 1443 598 1483 rigor
620 1437 773 1477 nivibus;
793 1448 865 1482 quae
887 1434 992 1467 flabra
1012 1443 1069 1476 per
1088 1440 1182 1469 auras

181 1485 364 1526 Excutiam
387 1488 506 1523 rutilos
527 1487 647 1520 tracias
660 1509 668 1525 ,
690 1494 744 1519 aut
765 1482 905 1521 fulmina
924 1482 1024 1517 velox

181 1541 375 1579 Torqueat,
396 1547 452 1576 aut
474 1538 597 1570 tristem
617 1537 693 1581 figat
715 1534 833 1569 crinita
851 1535 1022 1568 Cometen.

180 1589 258 1623 Nec
277 1596 387 1620 tamen
409 1585 535 1626 interea
555 1588 707 1619 Dofirinae
728 1584 921 1619 incumbere
943 1582 1048 1614 Sacrae

182 1635 340 1676 Destitit,
363 1645 419 1669 aut
443 1637 597 1669 Themidis
619 1635 778 1678 justiffima
795 1634 867 1677 jura
889 1629 1047 1675 reliquit;

184 1688 276 1721 Nam
298 1685 444 1730 geminas
465 1694 609 1728 pugnare
630 1685 706 1717 deas
726 1692 763 1716 ut
783 1684 883 1719 vidit,
903 1683 1037 1724 utrique

184 1739 224 1772 Se
247 1735 358 1773 dedit,
377 1737 408 1767 &
430 1737 580 1771 meritam
602 1730 660 1769 sub
683 1733 800 1768 eodem
822 1738 970 1773 ternpore
994 1728 1078 1762 cessit

187 1785 323 1819 Pallade
345 1795 419 1816 cum
442 1783 541 1815 Sacrzi
562 1783 684 1817 Themis
704 1779 863 1815 inviolata
885 1787 1053 1812 coronam.

188 1836 374 1868 Emeritum
396 1831 510 1870 studiis
527 1830 736 1864 Grudiorum
755 1827 936 1864 Academia
958 1826 1088 1860 tandem

188 1884 251 1921 Per
274 1881 387 1915 solitos
409 1880 554 1923 suprema
573 1881 690 1924 gradus
713 1880 752 1912 ad
775 1878 885 1913 munia
906 1877 1005 1912 duxit

191 1934 335 1969 Eximi,
353 1929 409 1964 tali
432 1928 575 1962 multum
598 1930 700 1963 ditata
723 1929 893 1973 Magistro.

192 1981 344 2018 ANNAE
366 1978 453 2012 sacra
474 1979 594 2011 domus
614 1978 738 2011 dudum
759 1979 804 2010 est
830 1980 946 2010 mirata
964 1980 1134 2019 regentem
1147 1994 1158 2013 ,

192 2034 239 2067 Et
260 2032 380 2063 Batavi
401 2030 499 2061 toties
519 2025 645 2060 sacrum
666 2027 816 2069 stupuere
836 2024 1046 2069 Magistrum.

195 2084 299 2116 Hunc
318 2078 335 2111 ὲ
357 2076 503 2122 suggestu
523 2076 624 2109 densis
646 2076 826 2108 Academia
845 2076 963 2107 turmis

198 2133 355 2167 Orantem
379 2128 546 2168 obstupuit
564 2137 570 2157 ι
588 2125 627 2157 fre
645 2122 676 2158 se
697 2125 828 2156 testatur
848 2126 878 2156 ἐξ
898 2122 993 2155 offert

197 2177 289 2213 Celsa
307 2174 473 2221 potestatis
493 2172 614 2216 species
626 2197 635 2212 ,
658 2183 725 2205 non
743 2182 826 2207 voce
846 2169 974 2209 feroci,

201 2229 283 2262 Non
307 2226 374 2259 alto
396 2222 540 2257 fimulata
560 2223 687 2267 gradu,
705 2231 773 2254 non
795 2219 948 2263 improba
971 2219 1082 2264 gestu;

201 2277 368 2316 Afleuant
386 2273 440 2308 alii
460 2269 638 2317 quidquid,
660 2270 811 2316 fingique?
826 2269 998 2306 laborant,

203 2327 283 2359 Hoc
304 2326 357 2368 ipsi
377 2332 490 2358 natura
510 2319 620 2358 dedit,
641 2327 738 2364 quem
760 2320 868 2352 Σῑνῐὲῖα
893 2317 1059 2358 Facultar

207 2374 381 2416 Ass‘urnpsit
405 2371 586 2404 membrum
600 2392 609 2408 ‚
631 2368 813 2412 meritaque
832 2371 864 2401 in
885 2365 956 2400 sede
975 2365 1109 2400 locavit.

207 2424 251 2455 Et
273 2426 371 2456 toties
392 2421 458 2453 vidi
475 2418 695 2460 lacrymarum
718 2427 849 2450 currere
869 2415 1003 2448 nimbos
1017 2438 1026 2453 ,

209 2472 303 2504 Dum
326 2469 433 2503 solid-te
456 2469 472 2502 e
492 2468 650 2501 Cathedra
670 2465 799 2508 pietatis
820 2463 909 2497 suafit
933 2472 1103 2500 amorem,

208 2519 363 2556 Fulmina
384 2518 563 2552 verborum
581 2515 707 2549 dixiss'es
726 2514 894 2559 spargere,
913 2512 1002 2546 steen

209 2567 370 2609 Corrupti
391 2575 495 2598 mores
514 2567 593 2598 dum
616 2564 813 2607 corripiebat
833 2562 965 2606 iniquos
978 2584 987 2599 ,

211 2613 362 2651 Insensus
385 2614 492 2651 vitiis,
510 2613 600 2656 lapsis
622 2621 728 2646 tamen
754 2611 853 2656 usque
877 2612 1049 2655 benignus,

212 2667 456 2714 Ingeniumque
473 2662 536 2699 viri
554 2662 649 2697 sacra:
670 2664 821 2709 stupuere
845 2660 1018 2699 cohortes,

649 85 974 190 Algemeyne
1007 97 1399 188 Wrzamelinge
1434 102 1525 163 der
1560 97 1787 163 Ierren

1239 200 1456 247 Attonitique
1480 211 1597 236 omnes
1614 199 1840 237 auscultavere
1866 200 2042 235 docentem

1239 248 1431 290 Eximium,
1453 249 1535 295 legis
1551 250 1604 285 seu
1626 250 1722 286 fiicrae
1746 259 1863 284 arcana
1883 248 2042 289 referret,

1238 300 1301 331 seu
1325 299 1561 334 doctis-valide
1580 299 1707 345 scriptis
1726 298 1945 343 compesceret
1968 307 2058 332 acres

1239 348 1451 387 Haeretrcos,
1472 349 1533 380 five
1550 350 1736 383 inconcuffa
1755 350 1925 384 volumina
1943 351 2082 383 Patrum

1240 395 1455 443 Proelegeret‚
1473 395 1526 429 seu
1544 396 1630 431 iacra
1650 399 1772 432 docens
1791 399 2036 444 hominumque
2056 394 2190 439 Deique

1234 445 1318 492 Jura
1340 454 1491 479 tueretur
1513 445 1566 479 vel
1589 445 1792 492 Relligionis
1819 448 1991 481 honorem.

1241 496 1330 528 Mox
1350 494 1438 539 rupit
1457 494 1587 541 Regina
1609 506 1716 529 moras
1729 519 1738 535 ‚
1763 497 1812 530 his
1831 498 1971 531 vocibus
1991 493 2044 529 usa
2066 506 2074 527 :

1243 543 1372 583 Dictis,
1394 544 1504 582 Diva,
1525 548 1590 579 tuis
1613 555 1679 577 non
1705 544 1901 590 dedignata,
1924 547 2064 579 merenti

1242 593 1372 625 Annuo
1396 594 1686 634 WELLENID13
1707 594 1884 639 nostroque
1900 593 2010 627 illecta
2031 600 2150 638 rogatu

1243 641 1357 676 Roma
1376 642 1497 683 pedum
1516 640 1642 675 sacrum
1655 666 1664 681 ,
1678 641 1878 684 mitramque
1897 643 2039 689 benigna
2057 643 2171 675 datura
2189 642 2246 674 est.

1243 691 1400 729 Adstitit,
1418 692 1450 724 &
1473 689 1606 724 levibus
1624 693 1793 735 Tyberina
1812 691 1852 725 ad
1876 691 1989 726 littora
2009 694 2126 735 pennis

1243 739 1345 772 Fama
1367 740 1591 772 PIO2SEXTO
1614 741 1755 786 Reginae
1777 740 1823 772 est
1842 744 1959 774 nuntia
1978 743 2072 778 voti3

1244 789 1289 822 Et
1308 787 1433 831 placuit
1451 786 1579 829 summo
1602 792 1723 823 maturi
1743 788 1863 821 eiectio
1885 787 1999 822 sensus

1244 836 1418 876 Pontifici,
1443 838 1600 882 Augustae
1623 846 1738 871 votum
1759 836 1925 871 laudando
1949 835 2171 870 THERESAE

1244 886 1328 920 Non
1349 883 1458 919 minus
1481 886 1542 922 esse
1561 884 1653 920 suum
1666 910 1675 926 ‚
1696 885 1870 921 benedicto
1892 885 2035 929 protulit
2054 894 2135 918 ore:

1245 936 1289 968 Et
1306 935 1437 974 subito,
1460 935 1583 969 celeres
1606 936 1806 981 duplicando
1832 932 1917 969 fama
1945 934 2099 974 volatus,

1243 983 1404 1027 Suspensrs
1424 984 1543 1020 animis
1565 993 1630 1018 tam
1656 983 1748 1019 fausti
1770 989 1889 1020 nuntia
1913 988 2005 1023 von,

1244 1034 1297 1065 Sic
1319 1031 1385 1066 fuit
1406 1031 1476 1066 orsa
1497 1033 1594 1075 loqui
1614 1047 1620 1067 :
1643 1035 1768 1073 tristes,
1791 1037 1963 1078 Anvers'a,
1987 1029 2137 1075 querelas

1245 1082 1335 1114 Pone
1348 1105 1357 1121 ,
1380 1091 1476 1124 caput
1501 1081 1618 1115 laetum
1639 1083 1760 1122 violis,
1779 1081 1974 1124 collumque
1994 1080 2112 1115 monili

1245 1129 1463 1168 condecora,
1483 1141 1661 1174 procerum
1684 1135 1713 1166 &
1730 1129 1844 1175 populi
1868 1141 1966 1176 quem
1986 1141 2070 1164 voce
2094 1127 2247 1173 petebas,

1246 1179 1350 1213 Hunc
1370 1181 1534 1213 SEXTUS
1557 1181 1653 1213 PIUS
1678 1181 1798 1214 orbato
1822 1182 1975 1214 conceffit
1994 1178 2076 1213 ovili

1247 1229 1578 1261 WELLENIDEM
1598 1231 1725 1264 Patrem
1741 1230 1822 1273 :jam
1842 1237 1994 1272 tempora
2016 1229 2120 1261 desine
2137 1224 2247 1271 longae

1248 1276 1470 1314 Dinumerare
1491 1287 1614 1316 morae,
1639 1280 1794 1323 fignoque
1820 1279 1978 1324 assurgere
2001 1275 2126 1320 semper

1249 1326 1403 1363 Incerto,
1426 1336 1489 1359 nec
1512 1328 1600 1359 enirn
1623 1327 1733 1360 dubiis
1758 1328 1958 1371 torquebere
1981 1325 2070 1358 votis

1249 1372 1427 1417 Ampliu83
1450 1377 1481 1408 ὅτ
1499 1374 1594 1408 laetos
1617 1374 1746 1412 sumens
1765 1378 1948 1420 Ληῑνενρὶα
1967 1373 2082 1408 vultus

1251 1423 1416 1456 Funereas
1434 1423 1530 1466 ponit
1549 1425 1649 1458 vestes
1662 1448 1671 1463 ‚
1690 1422 1897 1469 gemitusque
1920 1423 2092 1457 recedunt.

1249 1474 1303 1506 Sic
1330 1482 1405 1505 cum
1428 1471 1495 1506 sole
1515 1471 1602 1505 malo
1624 1473 1775 1515 tristique
1800 1471 1920 1506 rosaria
1948 1470 2076 1515 pallent

1250 1521 1333 1554 Usta
1353 1529 1438 1553 noto
1453 1545 1463 1560 ‚
1485 1524 1506 1554 s1
1530 1521 1617 1555 clara
1639 1523 1708 1555 dies
1730 1523 1932 1566 zephyrique
1953 1518 2072 1554 refecit

1251 1571 1345 1604 Aura
1363 1569 1499 1613 polum,
1522 1572 1607 1604 redit
1631 1575 1739 1606 omnis
1755 1572 1882 1612 honos,
1902 1570 2071 1614 emiflaque
2093 1566 2207 1601 lucent

1253 1618 1437 1658 Germina‚
1457 1622 1488 1653 &
1513 1616 1650 1653 infames
1674 1628 1771 1653 ornat
1795 1630 1881 1653 nova
1897 1618 2003 1665 gloria
2027 1622 2147 1663 virgas-

1247 1669 1391 1715 Jamque
1410 1669 1478 1702 dies
1501 1669 1633 1708 aderat,
1656 1668 1771 1703 festivo
1797 1668 1883 1704 sacra
1903 1667 2072 1711 triumpho

1254 1715 1427 1756 Przusulis⁷
1448 1721 1478 1751 ἃ
1502 1717 1609 1764 gavisa
1630 1719 1722 1755 urbis
1746 1728 1802 1762 per
1828 1717 1949 1754 moenia
1972 1717 2099 1751 clamor

1257 1765 1405 1799 Tollitur
1421 1779 1428 1799 ε
1443 1766 1507 1810 ipse
1532 1771 1621 1805 vemt
1635 1793 1641 1799 .
1655 1793 1661 1799 .
1677 1793 1683 1800 .
1698 1777 1809 1813 portas
1831 1766 1944 1801 secura
1966 1776 2022 1811 per
2046 1771 2161 1798 ornnes

1257 1816 1370 1848 Turba
1390 1813 1588 1850 salutantum
1609 1817 1809 1852 diffunditur
1829 1817 1928 1851 obvia
1948 1815 2064 1862 fignis:

1259 1863 1470 1912 Conspicitur
1493 1866 1627 1899 tandem
1647 1865 1790 1904 Praesul,
1805 1864 1965 1910 solitaque
1987 1863 2113 1897 relucet

1259 1913 1431 1956 Majestate
1454 1913 1562 1959 gravis
1577 1937 1586 1952 ‚
1606 1913 1702 1948 vultu
1725 1916 1853 1949 ridente
1874 1917 2062 1958 benignus3

1261 1962 1453 2008 Ingreditur
1473 1970 1604 2006 portem,
1626 1965 1656 1995 δι
1676 1963 1839 2007 plausibus
1857 1963 1978 1997 aethera
1999 1960 2088 1993 cives

1262 2014 1307 2045 Et
1327 2011 1470 2044 clamore
1492 2009 1619 2054 replent
1633 2034 1643 2051 ,
1663 2019 1972 2055 tormentorumque
1994 2009 2116 2043 boatus

1263 2060 1413 2094 Auditur
1425 2083 1435 2100 ,
1454 2058 1602 2105 plausum
1625 2060 1750 2095 resonat
1768 2060 1925 2094 celfissima
1943 2057 2063 2097 turris3

1265 2109 1410 2144 Festivos
1433 2110 1567 2144 habitus
1585 2110 1807 2154 Ampliffimus
1824 2109 1914 2142 Ordo
1939 2106 2089 2141 virorum

1265 2161 1401 2198 Induit,
1422 2161 1452 2191 δι
1471 2156 1565 2191 sacrae
1587 2156 1642 2191 sua
1661 2156 1767 2193 defert
1788 2156 1899 2192 oscula
1915 2159 2050 2190 dextrae.

1315 2209 1389 2241 Hos
1410 2212 1496 2241 inter
1517 2205 1647 2251 plausus
1661 2231 1670 2245 ‚
1690 2211 1776 2242 inter
1801 2208 1991 2240 communia
2014 2212 2092 2238 vota

1267 2255 1544 2299 Totius'patriae‚
1571 2256 1689 2300 populi
1713 2261 1799 2292 inter
1823 2255 1942 2301 gaudia
1967 2256 2069 2287 nostri

1267 2308 1392 2341 Nostra
1412 2308 1540 2338 Patrem
1566 2307 1723 2348 prostrata
1747 2306 1936 2339 novum'sic
1958 2304 2054 2336 turba
2079 2299 2215 2337 salutat.-

1268 2356 1358 2388 Vive
1383 2355 1439 2388 diu
1465 2353 1604 2389 Praesul!
1626 2352 1747 2387 sacram
1772 2354 1969 2397 protendere
1990 2354 2142 2387 dextram

1269 2403 1429 2447 Exempla
1452 2406 1481 2436 &
1503 2405 1636 2437 Parrum
1658 2403 1789 2449 vestigia
1811 2402 1897 2437 clara
1915 2400 2046 2435 secutus

1270 2457 1372 2499 Perge
1391 2462 1455 2487 tuae
1478 2453 1612 2492 domui,
1634 2452 1740 2486 charis
1758 2463 1819 2485 nos
1840 2451 1928 2485 sume
1950 2449 2009 2485 sub
2030 2450 2089 2484 alis

1271 2507 1323 2542 Tu
1348 2503 1447 2536 modo
1461 2525 1470 2539 ,
1491 2505 1549 2547 qui
1572 2503 1705 2535 viduam
1730 2501 1833 2544 reples
1854 2502 1948 2534 Pater
1970 2500 2093 2543 optime
2112 2497 2243 2537 ledem,

1271 2552 1362 2587 Huic
1383 2553 1491 2585 Praesis
1511 2549 1672 2594 prolisque
1691 2550 1745 2584 diu
1760 2574 1769 2589 ,
1791 2548 1971 2593 plenusque
1991 2550 2119 2583 dierum

1272 2603 1448 2638 Pontifices
1469 2603 1554 2635 inter
1577 2599 1692 2637 divum
1714 2598 1877 2645 Capitolia
1897 2597 2023 2633 scande.
2228 2642 2257 2676 E
