2414 3105
392 159 498 203 van
519 139 668 223 sjtne
703 130 1250 220 Hoogweerdigheyd
1273 135 1332 215 J.
1363 134 1434 194 Τ.
1479 135 1523 210 Ῑ.
1558 129 1790 193 Wellens.

67 240 268 281 consuetas,
287 241 374 287 quast
395 238 612 286 congenitas.-
625 240 673 271 ita
698 245 733 270 es
753 235 914 269 omnibus
937 243 1042 278 aptus.

69 293 199 338 Ingenii
220 292 292 325 haec
312 292 513 324 documenta
536 290 587 320 tui
608 283 801 331 fructusque
823 284 980 320 laborum

69 342 228 377 Faecundi
250 339 354 373 multa
377 347 410 371 te
429 336 504 371 lane
526 335 624 370 laude
644 342 818 368 coronant.

70 392 133 426 Sed
161 392 294 425 virtutis
314 398 406 421 amor
423 396 531 425 verae,
553 383 725 430 moresque
746 384 883 418 modesti

71 439 144 474 Illis
164 437 299 476 collati,
323 437 442 470 merito
464 437 506 469 de
526 439 666 481 pignore
684 442 834 473 certant,

73 485 222 529 Utrum,
240 496 316 533 quae
338 489 374 520 in
392 483 502 526 factis,
517 483 727 530 juvenilique
746 484 860 518 insidet
878 485 932 519 ori

2074 147 2141 209 17

1142 233 1190 268 sit
1210 232 1360 268 miranda
1381 229 1488 265 minus
1503 229 1669 277 gravitas,
1691 230 1792 275 quam
1813 242 1887 276 quae
1906 229 1999 276 praeit
2017 239 2124 265 annos

1144 284 1308 317 Doctrina
1321 305 1331 321 ,
1350 284 1382 315 &
1405 291 1480 327 quae
1497 281 1700 314 condecorat
1718 278 1850 314 solertia
1870 291 2025 315 mentem.

1146 332 1230 375 Quis
1253 330 1299 369 sat
1317 339 1350 365 te
1370 340 1450 374 ergo
1470 330 1590 364 canat?
1615 330 1720 362 Pietas
1733 351 1743 367 ‚
1764 331 1795 362 δι
1817 334 1921 375 gratia
1944 341 2077 365 morum

1147 381 1274 417 Addita
1293 380 1455 416 doetrinae
1479 378 1578 413 talem
1603 375 1712 411 fecere
1736 377 1924 423 magistrum
1939 403 1948 419 ‚

1149 430 1290 473 Qualem
1312 440 1390 463 cum
1409 429 1567 472 Anverfis
1587 426 1746 471 plaudens
1765 427 1930 461 academia
1944 427 2042 471 ‚hietat
2055 452 2066 469 ,

1149 482 1266 527 Atque
1285 478 1477 514 secuturum
1499 479 1619 512 domus
1637 477 1708 512 haec
1728 475 1909 512 celebrabit
1929 480 1964 512 in
1983 488 2101 513 aevum.

658 546 1581 579 CHRoNo-HEXAMETRA.

334 613 495 647 ANNE.
543 611 707 645 LAETA
757 608 991 642 DoMUS
1041 606 1244 641 CLAito
1291 604 1596 639 FLOREBIT
1647 613 1897 642 nouortz.

327 661 606 696 PRAEsIDE
655 668 723 694 TE
772 658 1018 692 GAUDET
1069 664 1267 691 TAN'ro
1316 655 1599 690 CLARERE
1648 654 1902 688 DnCoun.

83 791 1168 887 mz——w-—ffiff———f—-sseae
538 804 1696 858 Meae——

1462 722 1642 768 Applaudit
1667 722 1834 768 Collegium
1857 721 1973 755 Sannae
1991 721 2099 754 Anna

2009 780 2154 870 Q

80 906 267 941 Reverendo
287 908 447 940 admodum
468 905 634 939 Praenobili
644 927 655 944 ‚
675 917 713 940 ac
725 904 853 938 Eximio
873 907 940 937 viro
961 904 1098 938 Domino
1109 925 1118 941 ,
1132 903 1266 935 Domino
1274 899 1462 946 JACOBO
1478 897 1890 943 THOMAEJOSEPHO
1905 897 1955 930 W
1954 896 2161 938 ELLEAS

134 955 390 999 Antverpienfi‚
415 955 542 998 Collegit
564 955 596 985 S.
625 956 753 991 Anuae,
775 954 909 996 Praefidi
940 953 1151 998 Digniffimo,
1177 951 1372 985 Dofforalem
1400 950 1433 983 S
1458 949 1634 994 leeologiae
1666 949 1824 983 Lauream
1856 950 1890 981 in
1921 946 2005 982 alma
2028 947 2161 982 Univer-

127 1003 223 1048 state
246 1004 435 1048 Lovanienft
461 1003 642 1037 Solemniter
668 1003 868 1046 Adipifienti
891 1004 940 1035 die
969 1011 999 1043 3.
1021 1003 1164 1047 Augusti
1199 1001 1301 1043 1756.

90 1072 368 1156 LOvaniensss
390 1128 483 1152 amor
503 1126 575 1151 mea
588 1113 606 1156 ‚'
618 1115 759 1163 gaudia,
779 1117 882 1150 vester
906 1116 1044 1149 Athenae

83 1166 246 1212 Splendor
261 1190 271 1207 ‚
293 1169 335 1201 ad
357 1169 527 1201 Eximium
550 1165 637 1200 visus
658 1164 688 1200 se
708 1164 827 1200 tollere
851 1164 1006 1205 culmen,

85 1219 211 1254 Eximii
230 1214 304 1251 sane
326 1217 423 1251 nobis
443 1217 488 1250 est
509 1215 604 1250 causa
627 1215 796 1258 triumphi.

87 1268 141 1301 Sic
163 1276 226 1311 ego
254 1265 421 1300 continuis
445 1268 625 1310 Antver·pia
647 1262 760 1310 fulgeo
780 1263 892 1299 lauris.

82 1317 159 1364 Jam
187 1314 269 1349 mihi
287 1324 339 1348 tot
358 1314 450 1361 gnati
469 1311 623 1360 fulgent;
639 1313 693 1349 sed
714 1313 844 1349 lumine
868 1314 975 1349 differt

88 1363 190 1400 Stella
208 1363 277 1398 suo.
302 1366 354 1398 Sic
378 1365 458 1400 clari
479 1373 604 1398 omnes.
637 1363 689 1397 Sic
710 1363 875 1407 plurimus
895 1366 1014 1400 Heros.

89 1416 140 1449 At
159 1413 240 1448 mihi
260 1424 327 1457 prae
350 1413 486 1460 reliquis
509 1415 705 1449 Wmfflos
730 1412 850 1448 clarior
869 1422 982 1455 extat3

92 1461 297 1508 Gnavusque
316 1464 474 1506 Ersclides
487 1486 497 1502 ‚
515 1462 610 1497 urbis
632 1465 701 1497 duo
721 1463 849 1497 lumina
867 1465 984 1498 nostrae
998 1486 1008 1503 ,

93 1511 225 1545 Primus
248 1519 390 1559 uterque
412 1523 528 1552 meus;
546 1522 606 1547 cur
630 1522 698 1545 non
720 1515 751 1545 &
779 1513 908 1546 Doctor
932 1511 1102 1561 uterque?

94 1562 124 1595 O
144 1565 272 1596 utinam
299 1562 414 1596 mediis
432 1571 602 1608 nunquam
626 1559 856 1604 splendoribus
875 1564 970 1605 Apro

97 1610 215 1647 Invida
236 1611 351 1644 Ganda
373 1614 482 1645 virum
503 1610 676 1653 rapuiffet!
702 1611 856 1650 Credite,
879 1612 970 1645 recto

99 1660 156 1697 Ad
177 1659 374 1695 Doctorales
396 1660 550 1694 tendebat
571 1659 701 1694 tramite
724 1661 879 1694 Lauros:

96 1710 246 1754 Binaque
267 1704 435 1754 fulgerent
456 1709 538 1745 mihi
556 1706 659 1748 serta,
679 1719 857 1755 meumque
875 1706 984 1745 fuiffet

100 1760 232 1794 Lumen
251 1758 339 1800 apud
363 1757 538 1797 Granios,
557 1768 625 1803 quo
649 1758 784 1793 Gaudet
801 1758 929 1793 lumine
955 1761 1078 1804 Praefiil
1093 1782 1105 1802 ‚

102 1809 236 1845 Gauda,
256 1815 343 1840 tuus.
374 1809 435 1842 Sed
455 1809 520 1841 {iste
541 1816 638 1847 tuos,
659 1810 859 1853 Antverpia‚
879 1811 1029 1854 quaestus.

104 1857 219 1889 Gauda
239 1859 346 1889 virum
359 1878 369 1894 ‚
391 1855 483 1890 velut
500 1856 671 1891 Eximium
685 1880 695 1897 ,
719 1856 812 1901 super
832 1859 954 1892 aethera
975 1857 1076 1894 tollit.

102 1906 368 1950 wmmusqt·e
389 1914 467 1940 tuus
494 1907 654 1952 majorum
674 1906 826 1951 exempla
849 1906 978 1942 secutus
992 1932 1003 1949 ,

101 1955 154 1990 Ut
176 1953 279 1994 solet,
299 1956 437 1989 affiduos
460 1956 543 1997 tibi,
570 1955 713 2001 lauriger
737 1965 836 2004 auget
860 1957 1013 1992 honores.

104 2004 194 2048 Ergo
214 2004 321 2050 agite,
340 2005 361 2038 ὀ
377 2007 484 2041 Socii!
510 2008 639 2040 Laurus
659 2007 853 2043 Nectenda!
878 2009 938 2042 Sed
961 2008 1049 2044 unde

103 2055 197 2088 Dum
219 2058 318 2088 toties
343 2055 516 2095 cecinere,
537 2056 665 2090 dabunt
688 2058 825 2093 exordia
843 2056 976 2092 Musae?

104 2104 255 2144 Mittite,
274 2114 349 2149 quae
366 2104 465 2139 toties
484 2105 645 2139 cecinistis
658 2103 752 2140 clara
769 2106 937 2150 trophaea;

105 2153 238 2193 Dicite,
256 2153 322 2196 jam
347 2153 451 2197 major
478 2159 575 2190 toties
599 2165 673 2201 quae
696 2155 855 2199 praedieat
879 2157 986 2192 mdes:

109 2201 179 2237 Hic
198 2203 302 2247 prima
323 2204 483 2238 imberbis
499 2206 575 2239 fidei
598 2206 749 2249 mysteria
769 2208 884 2241 Sacrae

112 2251 278 2296 Auspiciis
295 2254 394 2287 Srtvi
418 2254 620 2298 penetrabat.
652 2256 804 2299 Quantus
824 2255 858 2289 in
878 2254 975 2290 illum

113 2300 275 2336 Volvitur
296 2303 448 2338 omnium
467 2305 583 2340 amor!
609 2306 725 2339 Trahit
749 2309 782 2339 in
803 2303 833 2341 se
852 2304 981 2339 lumina
1001 2302 1109 2341 solum

115 2349 243 2392 Praefidz
247 2364 260 2385 s
272 2375 282 2391 ,
299 2353 380 2388 hic
369 2364 526 2396 juvenem
543 2352 672 2388 summo
690 2353 831 2388 sectatur
854 2364 976 2392 amore.

114 2398 229 2431 Nostis
244 2401 449 2444 Sylvzadam.
443 2405 457 2426 ²
481 2404 554 2445 Qua
578 2405 773 2439 dexteritate
795 2402 901 2450 sagaci

116 2448 238 2483 Evehit
258 2450 425 2495 egregios,
447 2456 478 2486 ὅτ
500 2452 575 2487 tolli
595 2464 687 2490 curat
710 2453 886 2490 alumnos·

113 2498 207 2538 Quot
231 2498 333 2530 modo
355 2500 516 2536 Doctores
536 2504 576 2536 ad
600 2504 780 2538 Doctorale
805 2512 964 2536 cacumen

114 2547 276 2583 Nutriit?
302 2548 345 2580 Et
366 2550 494 2594 qualem
515 2551 595 2597 tegit
613 2551 745 2587 infula?
770 2554 902 2595 Nempe
926 2550 1076 2595 penetrat

118 2599 312 2641 Augurium
333 2599 432 2631 Seri
455 2600 607 2635 firmum:
628 2603 732 2651 quid,
749 2600 858 2635 nescio
873 2624 882 2639 ‚
901 2612 1060 2648 magnum

116 2645 268 2692 Praesagit
288 2648 386 2681 charo
407 2649 447 2681 de
467 2652 624 2693 pignore!
651 2654 764 2686 Nostis
780 2660 926 2686 amorem

117 2694 211 2740 Sylii
234 2697 485 2739 incredibilem,
504 2699 619 2735 doctos
637 2711 704 2748 quo
722 2702 848 2749 diligit.
872 2710 979 2737 unum

1160 1115 1266 1149 Hunc
1289 1118 1325 1150 in
1348 1112 1475 1148 deliciis
1500 1118 1623 1150 retinet
1643 1113 1710 1150 sibi.
1741 1115 1889 1149 MAxnmz
1907 1111 2032 1155 snvt.

1161 1166 1246 1206 Quae
1256 1164 1317 1199 tibi
1328 1166 1442 1198 mens?
1455 1165 1538 1206 Quis
1549 1176 1641 1199 arnor
1649 1166 1664 1197 ‚7
1677 1167 1887 1200 WELm-:NUM
1896 1164 2066 1199 includere
2076 1174 2165 1200 curae

1162 1212 1278 1259 Usque
1300 1223 1394 1252 tuae,
1410 1214 1633 1260 juvenemque
1657 1215 1738 1249 adeo
1761 1213 1873 1247 fovisse
1892 1212 1951 1247 sub
1971 1213 2057 1248 alis?

1163 1263 1296 1307 Nempe
1320 1262 1383 1297 tibi
1405 1263 1528 1304 virtus,
1549 1262 1714 1310 pietasque
1735 1262 1847 1297 innata
1871 1264 2025 1307 patebat,

1165 1312 1362 1359 Ingeniique
1384 1313 1469 1348 acies
1482 1337 1491 1353 ‚
1506 1313 1717 1359 studiumque
1738 1315 1769 1346 &
1793 1312 1929 1347 Nobilis
1947 1314 2065 1355 ardor-3

1139 1371 1144 1374 ⁴
1166 1362 1275 1404 Quam
1297 1373 1429 1398 morum
1450 1367 1611 1410 gravitas,
1631 1363 1731 1409 quam
1752 1363 1875 1396 candor
1889 1361 2038 1396 amabilis
2052 1364 2167 1401 ornat!

1166 1413 1226 1446 Sed
1248 1412 1331 1460 quid
1353 1423 1416 1460 ego
1436 1414 1516 1448 haee
1536 1415 1634 1447 toties
1650 1410 1743 1447 versu
1762 1413 1829 1456 jam
1849 1411 1936 1446 dieta
1954 1411 2120 1448 revolvo?

1167 1461 1260 1495 Dum
1285 1472 1374 1498 nova
1395 1465 1566 1498 WELLEM
1587 1462 1728 1497 laudum
1750 1471 1943 1508 argumenta
1962 1464 2146 1499 ministrant

1167 1511 1348 1546 Materiam
1373 1515 1542 1557 ingentem
1557 1536 1567 1553 ,
1587 1514 1691 1546 Mufis
1712 1514 1743 1546 &
1767 1510 1927 1556 Apolline
1948 1512 2107 1556 dignam?

1169 1560 1241 1594 Vix
1265 1561 1360 1594 Falco
1379 1560 1516 1597 ascitum
1538 1570 1668 1606 poterat
1686 1564 1850 1601 retinere,
1869 1562 2040 1606 Brugenfis

1172 1609 1264 1643 Dum
1285 1609 1448 1645 Cathedra
1467 1621 1605 1646 ornatur
1622 1613 1784 1645 RossmTo
1807 1613 1965 1645 Pnffisuta
1984 1622 1990 1644 :
2006 1610 2123 1657 lugent

1170 1661 1279 1694 Annae
1301 1660 1426 1700 AEdes,
1451 1663 1526 1706 quis
1546 1661 1647 1705 digna
1670 1668 1796 1704 premat
1819 1659 1951 1706 vestigia
1971 1663 2078 1698 tanti!

1172 1708 1276 1752 Carpe
1290 1710 1413 1751 pedum
1425 1733 1434 1749 ‚
1452 1712 1636 1748 Romamn,
1657 1719 1756 1754 caput
1772 1707 1928 1744 submitte
1950 1709 2071 1752 tiarae,

1171 1757 1390 1803 Dilecstaeque
1412 1758 1534 1794 demtis
1554 1758 1684 1793 dimitte
1704 1760 1856 1793 audacter
1880 1758 2020 1793 habenas
2040 1773 2051 1794 :

1171 1805 1240 1850 Ipse
1258 1808 1378 1851 probas
1401 1809 1515 1844 abiens
1537 1810 1748 1843 WELLENL'M
1769 1820 1776 1842 :
1801 1807 1933 1854 dignior
1954 1810 2034 1856 ergo

1167 1857 1291 1904 Judicc
1312 1865 1363 1895 te,
1385 1856 1576 1903 cunftisque
1598 1866 1686 1892 tuam
1700 1881 1710 1898 ,
1734 1859 2006 1898 Inmsmrssmn,
2027 1863 2115 1896 votis

1172 1905 1317 1940 Proesidis
1338 1908 1461 1943 Eximii
1478 1907 1543 1951 jam
1567 1909 1734 1941 Pnffisums
1753 1915 1896 1951 occupat
1915 1907 2033 1943 aulam.

1173 1956 1225 1990 Ut
1246 1959 1400 1996 memini,
1421 1956 1547 2001 primus
1566 1960 1623 1992 vix
1637 1959 1745 1995 *effluit
1764 1967 1871 1991 annus
1894 1959 1925 1991 St
1946 1956 2027 1991 alter
2041 1982 2052 1999 ,

1173 2005 1228 2038 Fit
1249 2005 1379 2039 Doctor
1400 2010 1502 2051 (quis
1521 2007 1670 2049 credat.)
1690 2007 1810 2040 Adhuc
1825 2005 2027 2048 juvenilibus
2044 2010 2149 2044 annis.

1175 2055 1268 2088 Dum
1289 2059 1357 2089 veri
1374 2055 1512 2102 praesaga
1530 2056 1641 2089 rubris
1661 2066 1732 2090 mea
1750 2054 1847 2089 Musa
1867 2057 2003 2091 canebat

1174 2105 1372 2139 Ornandum
1394 2106 1524 2139 Braccis
1537 2129 1547 2145 ‚
1569 2102 1677 2139 fuerat
1696 2115 1762 2138 vox
1786 2105 1938 2150 pluribus
1958 2105 2014 2142 illa
2035 2119 2043 2142 ι

1176 2155 1292 2188 Saltem
1313 2158 1498 2199 expecffabim
1520 2159 1612 2189 donec
1637 2157 1688 2188 vel
1706 2158 1800 2190 barba
1817 2178 1826 2194 ‚
1844 2157 1979 2198 liquorvc

1176 2205 1364 2243 Neu‘areus,
1378 2208 1513 2248 fhrmam
1539 2206 1588 2237 vel
1605 2205 1746 2249 praefidis
1765 2206 1839 2239 aula
1859 2206 1975 2238 virilem
2015 2199 2020 2203 λ

1177 2255 1340 2297 Αηιρίἱετ,
1360 2265 1394 2287 ut
1411 2256 1524 2287 Ductor
1543 2255 1613 2296 fiat.
1640 2254 1741 2287 Mora
1758 2253 1869 2292 nulla.
1885 2256 2043 2300 flagrabat

1175 2303 1281 2336 Sacris
1305 2302 1444 2337 adscribi
1465 2302 1680 2336 Doctoribus.
1706 2304 1806 2337 Unde
1824 2304 1991 2347 probaret.

1179 2352 1342 2385 Veracem
1361 2361 1480 2387 vatem.
1506 2353 1581 2386 Nec
1600 2353 1691 2386 obest
1715 2357 1874 2387 maturior
1896 2363 1994 2396 aetas3

1179 2400 1285 2435 Gestit
1307 2406 1396 2437 enim
1419 2403 1557 2436 residens
1577 2400 1723 2436 formoso
1745 2405 1778 2436 in
1803 2413 1942 2446 corpore
1965 2404 2093 2447 Pallas,

1178 2449 1248 2495 Ipsa
1272 2452 1378 2485 studet
1395 2451 1576 2496 juvenilem
1598 2451 1746 2485 animum
1772 2450 1916 2486 formare
1939 2454 2096 2489 virilem.-

1179 2502 1402 2547 Mentemque
1421 2505 1586 2548 egregiam
1608 2500 1759 2537 stimulat.
1786 2503 1876 2538 Patet
1896 2506 2034 2551 impigra
2056 2505 2178 2549 virtus,-

1179 2549 1389 2606 Invictusque
1407 2551 1530 2585 labor:
1555 2554 1633 2597 quid
1651 2554 1760 2586 enim.
1754 2553 1768 2577 ⁹
1792 2553 1861 2589 Nisi
1876 2533 1996 2589 laurea
2005 2555 2034 2588 d
2031 2553 2127 2599 iplex

1181 2601 1319 2644 Matura
1339 2600 1479 2635 nimium
1502 2600 1609 2635 delata
1629 2611 1671 2637 ex
1693 2601 1807 2640 messe,
1830 2612 1981 2638 moneret

1182 2640 1322 2685 Palladis
1339 2650 1464 2684 auxilio
1484 2655 1664 2695 petiturum
1684 2649 1836 2694 protinus
1858 2662 1933 2686 axes
1946 2676 1956 2691 ‚

1184 2702 1267 2745 Quis
1285 2709 1400 2744 putet,
1418 2709 1493 2735 ante
1515 2701 1602 2736 diem
1623 2700 1744 2736 virides
1760 2698 1963 2737 succrescere
1980 2700 2117 2739 lauros?

1287 2756 1329 2799 E
