2414 3105
2055 106 2133 149 2⁶*

63 195 128 226 me
150 191 348 236 tamquam
383 180 512 222 adhuc
543 176 763 220 Vobiscum
787 177 1097 229 -colloquentem
1118 206 1132 229 ‚
1169 169 1214 217 &
1247 175 1464 217 docentem
1495 172 1604 230 (aen
1640 172 1808 228 praesens
1840 170 2008 226 forem)
2037 131 2131 230 quo)-

63 251 178 294 modo
210 262 378 309 oporteat
412 263 480 289 vos
511 244 553 286 ia
589 243 702 287 domo
738 244 819 286 Dei
850 242 1072 301 conversari.
1107 244 1178 300 (I.
1196 243 1307 287 Tim.
1333 241 1411 298 3.)

135 320 286 373 Neque
305 321 404 370 opus
421 315 478 357 est
495 346 507 366 ‚
531 315 661 356 multis
693 315 974 356 commendare
1002 311 1134 356 Vobis
1168 313 1400 365 materiam,
1418 323 1536 364 quam
1567 311 1634 351 hic
1671 307 1802 351 tracto
1826 323 1836 359 ;
1856 310 1983 364 agitur
2020 308 2128 350 enim

66 390 136 432 vel
169 389 337 430 maxime
371 384 575 437 quomodo
608 382 746 438 ,Iu-nior
786 382 964 425 Clericus
997 384 1223 423 examinare
1256 383 1402 423 debeat
1430 379 1701 420 Vocationem
1733 378 1839 418 suam
1857 407 1869 426 ‚
1904 379 2042 430 easque
2063 378 2132 419 sibi

72 466 301 509 comparare
338 453 450 493 dotes
471 483 483 502 ,
520 452 660 504 quibus
698 451 810 505 possit
829 484 842 503 ,
879 452 920 491 111
953 447 1180 491 Ministerio
1212 450 1335 491 Sacro
1367 449 1509 503 politus
1528 479 1540 499 ‚
1571 448 1733 501 lingulas
1767 444 1900 487 Officii
1931 446 1985 485 sui
2002 454 2131 497 partes

67 524 230 578 egregie
267 521 512 573 adimplere3
550 519 656 572 quod
690 521 780 561 sane
814 519 1029 572 principale
1062 519 1118 560 est
1137 519 1343 573 negotium
1363 549 1376 570 ‚
1396 518 1438 558 111
1466 517 1572 569 quod
1606 526 1745 556 omnes
1783 521 1946 554 conatus
1965 544 1978 563 ‚
1999 513 2134 553 omnia

66 591 190 634 studia
227 588 372 630 Vestra
410 589 572 629 tendant
609 588 764 629 necess'e
801 587 857 628 cst
877 619 890 640 ‚
909 587 1078 640 quandiu
1110 588 1151 629 in
1187 588 1268 628 hoc
1305 586 1526 628 Seminario
1561 584 1730 638 degitis:
1754 581 1820 623 sed
1857 593 1934 622 nec
1970 577 2136 633 postea,

69 659 164 713 dum
204 669 363 698 manum
398 657 602 710 posueritis
636 657 686 697 ad
723 665 892 697 aratrum
914 687 927 707 ‚
962 655 1096 696 inutile
1132 654 1264 697 Vobis
1297 656 1372 696 erit
1404 655 1493 695 haec
1527 653 1745 693 identidem
1779 650 2013 702 recolligere
2049 662 2060 687 :
2092 655 2137 687 ut

68 727 247 776 scilicet,
285 717 379 767 cum‘
414 724 584 779 Regulis
617 724 835 765 Sacerdotii
870 725 994 764 vitam
1028 722 1211 766 Vestram
1243 723 1487 765 conferendo
1507 753 1522 774 ,
1554 720 1641 775 (11.
1662 719 1770 761 Tim.
1799 716 1871 770 1.)
1919 711 2136 772 reficfiitecis

68 793 241 851 gratiam
274 791 390 843 Dei,
430 807 513 849 quae
551 789 602 848 eli
631 792 674 832 in
715 790 852 844 vobis,
886 789 931 833 δε
971 793 1145 833 nutriatis
1183 793 1322 846 Ignem
1361 792 1470 832 illum
1488 821 1501 841 ‚
1520 801 1637 842 quem
1657 786 1830 829 Christus
1863 785 1977 826 venit
1994 780 2138 824 mittere

71 861 115 903 ia
150 873 284 902 terram
304 892 317 912 ,
352 861 370 915 (
397 855 500 902 Luc‚
527 860 638 914 12.)
680 858 725 902 δε
762 872 883 912 quem
916 860 1003 900 vult
1042 862 1067 900 a
1086 859 1234 902 ·Vobis
1270 861 1311 901 in
1346 858 1542 900 Fidelium
1582 857 1766 898 cordibus
1799 853 1979 895 accendi.

146 929 368 970 Invenietis
405 929 562 982 quidem
578 958 592 979 ,
629 929 783 978 fateor,
815 928 916 980 apud
949 928 1135 980 plurimos
1172 929 1392 982 Scriptores
1428 940 1477 967 ea
1505 925 1584 980 ipsa
1613 955 1625 976 ‚
1661 937 1750 977 quae
1784 924 1853 964 hic
1889 921 2047 974 legitis3
2086 917 2143 959 ast

77 1009 160 1039 non
194 997 285 1038 ideo
322 996 582 1049 spernendum
605 998 629 1035 a
647 994 776 1036 Vobis
796 1007 886 1035 reor
918 996 1002 1035 hoc
1017 997 1280 1037 manusculum
1304 995 1394 1050 :(I.
1418 993 1515 1036 Cor.
1537 1005 1579 1046 4.
1602 993 1619 1046 )
1661 1005 1752 1033 nam
1777 989 1817 1046 fi
1848 988 1974 1030 decem
2010 983 2141 1027 millia

71 1062 375 1123 paedagogorum
407 1061 585 1103 habeatis
606 1061 646 1102 in
668 1060 807 1118 Christo
828 1076 837 1102 ε
849 1058 928 1117 sed
944 1075 1022 1101 non
1041 1062 1182 1103 multos
1215 1062 1366 1105 Patres.
1402 1059 1515 1102 Nam
1546 1060 1587 1101 in
1619 1058 1757 1118 Christo
1779 1054 1810 1096 J
1809 1054 1871 1114 estc
1889 1059 1939 1098 ad
1956 1054 2141 1096 Ministe-

77 1134 177 1173 rium
212 1132 376 1171 Sacrum
418 1144 488 1186 ego
528 1145 597 1170 vos
629 1128 762 1187 genui.
818 1129 1032 1170 Paternam
1069 1131 1187 1184 igitur
1223 1132 1289 1172 hic
1325 1131 1488 1172 audietis
1526 1140 1675 1170 vocem
1695 1158 1710 1179 ‚
1748 1139 1836 1182 quae
1871 1127 1913 1168 in
1948 1123 2144 1166 Filiorum

78 1200 230 1240 animos
273 1198 472 1239 efficacius
504 1210 713 1251 penetrare
745 1199 843 1239 solet
863 1229 875 1248 ‚
914 1197 1032 1249 quam
1068 1212 1155 1240 vox
1193 1200 1467 1250 cujuscumque
1506 1198 1676 1238 alterius.

147 1267 224 1308 His
258 1267 389 1319 itaque
427 1267 609 1316 utimini,
643 1268 710 1307 sed
743 1266 896 1307 utimini
930 1278 1021 1307 cum
1059 1265 1189 1309 fruciu
1209 1298 1220 1318 ‚
1240 1263 1588 1309 CHARISSIMI
1609 1296 1621 1316 ,
1643 1265 1661 1319 (
1680 1263 1782 1306 Phil.
1804 1277 1847 1304 2.
1875 1260 1892 1314 )
1912 1257 1956 1302 &
1980 1256 2147 1300 Verbum

81 1334 171 1377 vitae
212 1333 446 1375 continentes
479 1331 538 1374 ad
568 1332 735 1391 gloriam
773 1349 896 1374 meam
929 1332 970 1374 in
1008 1331 1070 1375 die
1109 1333 1239 1391 Christi
1262 1368 1273 1387 ‚
1311 1334 1405 1392 quia
1443 1348 1522 1374 non
1564 1333 1606 1373 in
1641 1344 1804 1373 vacuum
1841 1326 2005 1378 cucurri,
2027 1339 2147 1383 neque

87 1401 129 1442 in
150 1416 311 1443 vacuum
331 1401 508 1443 laboravi
524 1434 536 1455 ‚
557 1432 566 1443 .
590 1432 599 1442 .
620 1434 630 1445 .
666 1404 684 1456 (
701 1403 799 1444 Ibid.
820 1415 863 1455 4.
883 1402 902 1455 )
935 1399 1029 1454 ραι
1063 1401 1096 1446 δ’
1116 1401 1303 1461 didicistis
1321 1434 1333 1455 ,
1368 1400 1403 1445 G*
1440 1399 1629 1460 accepistis
1648 1433 1662 1453 ‚
1695 1397 1730 1442 δ’
1772 1395 1932 1453 audistis
1950 1427 1966 1448 ‚
1987 1427 1996 1437 .
2013 1425 2022 1436 ·
2044 1425 2054 1436 ·
2073 1392 2149 1442 baec

84 1469 228 1526 agite3
264 1471 432 1511 scientes
451 1500 464 1520 ,
498 1471 586 1522 quia
624 1470 805 1526 majorem
842 1468 972 1510 horum
993 1484 1072 1511 tzorz
1093 1470 1215 1512 habeo
1249 1469 1422 1528 gratiam
1441 1502 1455 1524 ,
1476 1468 1670 1527 quam-uc
1700 1465 1862 1508 audiam
1890 1462 2003 1524 filios
2041 1475 2145 1504 meos

83 1539 128 1579 in
173 1537 330 1580 veritate
369 1535 570 1578 ambulare
573 1568 709 1580 .....
743 1542 758 1581 (
776 1537 848 1578 ΙΙΙ.
867 1537 980 1580 Joan.
1000 1537 1029 1580 ).

157 1603 210 1644 Er
251 1619 355 1645 nunc
388 1603 608 1665 commendo
644 1620 713 1647 vos
749 1603 841 1646 Deo
862 1636 873 1654 ,
893 1609 907 1647 (
927 1603 1027 1647 Act.
1050 1622 1124 1648 20.
1144 1606 1162 1646 )
1182 1603 1215 1648 δ’
1245 1604 1356 1648 verbo
1373 1603 1505 1663 gratia
1525 1604 1636 1663 ipsias
1662 1635 1675 1655 ‚
1694 1601 1761 1659 qui
1780 1613 1919 1659 potens
1948 1596 2001 1656 est
2032 1595 2151 1656 aedifi-

88 1687 173 1715 care
190 1704 204 1724 ,
236 1670 269 1716 δ’
306 1671 397 1713 dare
435 1671 678 1714 hereditatem
716 1672 758 1713 in
781 1670 1039 1732 sanc‘iificatis
1072 1672 1248 1715 omnihus
1270 1690 1278 1716 :
1300 1674 1389 1715 Vos
1424 1661 1557 1715 autem
1592 1672 1765 1714 Praefidis
1801 1668 1934 1709 Vestri
1951 1699 1962 1719 ‚
1982 1662 2048 1721 qu.i
2067 1698 2080 1718 ‚
2101 1666 2151 1707 ad

84 1739 398 1782 Sanciimoniam
429 1740 516 1783 Vos
553 1743 802 1783 exhortando
822 1772 838 1794 ,
874 1741 1103 1784 AEdificium
1137 1743 1229 1784 illud
1259 1753 1501 1797 promovere
1534 1742 1725 1782 desiderat
1745 1770 1760 1792 ‚
1793 1749 1991 1779 memores
2025 1734 2153 1776 estote

88 1810 193 1863 apud
227 1810 466 1852 Dominum.
505 1809 666 1854 valete.

1543 1870 1774 1915 Addifflffimus
1798 1869 1897 1903 Vobis

1394 1959 1426 2008 J.
1451 1958 1490 1990 Τ.
1511 1956 1542 2003 J.
1568 1957 1742 1991 WELm-:Ns
1765 1956 1795 1988 S.
1819 1954 1859 1987 T.
1884 1953 1927 1986 D.
1952 1953 1999 1986 R.
2060 1993 2066 2001 ·

1441 2007 1563 2041 Eleous
1571 2006 1739 2051 Episcopus
1752 2001 1999 2048 Antverpr'enfis.

175 2057 321 2095 Lovanii
346 2069 400 2104 27.
423 2061 509 2097 Maii
538 2062 638 2106 1776.
1795 2056 1802 2061 ”

428 2193 938 2237 ΜΟΝΙΤΠΜ
1008 2195 1132 2235 AD
1202 2185 1802 2239 LECTOREM.

100 2275 324 2333 Ol’usculum
337 2279 396 2310 hoc
415 2279 492 2310 sorte
514 2279 551 2308 ad
572 2277 730 2318 plurimum
746 2287 848 2307 manus
866 2277 1041 2316 perveniet,
1061 2276 1112 2315 qui
1135 2276 1166 2305 in
1188 2285 1224 2306 eo
1250 2274 1451 2304 defiderabunt
1473 2271 1608 2302 cultioris
1628 2270 1690 2310 styli
1710 2276 1898 2304 ornamenta,
1911 2275 1960 2299 aut
1981 2269 2153 2308 exquisitum

112 2352 118 2357 ι
167 2316 248 2345 illum
269 2321 428 2349 verborum
451 2327 622 2358 apparatum
636 2339 645 2353 ‚
670 2318 721 2347 sub
745 2328 806 2355 quo
828 2318 859 2346 in
883 2316 1036 2356 publicum
1058 2316 1178 2354 prodire
1194 2316 1265 2345 solet
1292 2313 1482 2351 Eloquentia.
1512 2312 1542 2341 Si
1557 2312 1620 2340 haec
1640 2319 1771 2354 quaeras,
1795 2308 1903 2339 Amice
1919 2309 2153 2344 Lectonfatem·

99 2352 215 2396 115895,
234 2364 293 2386 11011
316 2359 378 2388 haec
403 2360 419 2387 ὲ
443 2358 489 2388 Te
511 2367 656 2397 repertum
676 2357 712 2386 iri
729 2369 734 2387 :
751 2358 787 2386 de
809 2357 887 2386 hisce
907 2356 1019 2395 quippe
1045 2355 1223 2386 ornamentis
1248 2353 1404 2391 nequidem
1426 2351 1559 2390 cogitavi
1580 2352 1646 2380 cum
1667 2350 1843 2382 scnberern;
1865 2357 1960 2388 neque
1981 2357 2051 2380 tunc
2080 2358 2155 2379 tem-

102 2400 184 2435 poris
210 2402 341 2432 poteram
364 2397 527 2437 suspicari,
547 2399 606 2427 hoc
627 2396 740 2427 consilii
760 2397 775 2426 7¹
797 2406 841 2425 me
865 2397 982 2425 demum
1009 2395 1194 2429 ineundum,
1215 2401 1247 2423 ut
1273 2394 1304 2423 id
1329 2393 1407 2431 quod
1437 2391 1515 2420 mere
1545 2392 1581 2420 ad
1610 2389 1827 2419 instruffionem
1851 2388 2050 2419 Alumnorum
2079 2389 2154 2419 inter

104 2440 239 2475 PKlVsstOS
258 2436 380 2471 parietes
402 2438 637 2477 promovendam
657 2437 841 2466 elaboratum
865 2444 925 2465 erat
939 2456 949 2470 ‚
969 2435 1048 2474 typis
1072 2434 1120 2464 edi
1143 2442 1280 2472 parerem
1302 2432 1336 2462 εὸ
1362 2432 1454 2469 mag'is
1478 2432 1559 2469 quod
1581 2430 1678 2459 nunus
1701 2429 1784 2466 {eque
1806 2437 1841 2457 ac
1858 2437 1914 2464 ego
1931 2429 2081 2458 censuram
2096 2439 2154 2467 pu-

101 2471 210 2515 blicam
233 2481 410 2505 revereatur.
451 2476 482 2506 Si
515 2476 606 2515 porro
630 2485 739 2506 metum
772 2475 855 2507 istum
878 2475 1022 2504 devicerit
1046 2473 1118 2503 meis
1147 2475 1178 2503 in
1207 2473 1354 2502 Alumnos
1379 2480 1486 2505 amor,
1509 2470 1557 2499 Tu
1584 2479 1643 2499 non
1674 2468 1750 2505 aegre
1794 2468 1826 2498 id
1847 2466 1921 2497 feras
1941 2480 1947 2497 ε
1976 2469 2034 2498 illis
2062 2468 2152 2504 solis,

104 2519 136 2554 13¹
158 2521 284 2549 quorum
309 2514 429 2549 gratiam
443 2516 641 2555 conscriptum
667 2515 762 2545 fuerat
777 2515 856 2549 ,hoc
870 2513 1053 2552 Opusculum
1076 2512 1235 2545 dedicavi:
1260 2514 1388 2549 dumque
1410 2511 1483 2541 illud
1504 2509 1636 2539 manibus
1655 2508 1713 2537 tuis
1736 2516 1895 2542 occurret,
1914 2508 2078 2538 memineris
2102 2517 2155 2537 ve-

103 2550 176 2584 hm,
199 2560 289 2580 meras
311 2553 359 2581 hlc
379 2553 432 2583 effe
450 2555 680 2585 Exhortationes
705 2554 874 2592 Familiares
888 2574 897 2588 ‚
910 2553 940 2582 in
966 2553 1074 2592 quibus
1096 2562 1156 2582 non
1177 2553 1336 2581 verborum
1350 2550 1502 2580 lenocinio
1517 2549 1688 2583 studui‚scd
1706 2556 1752 2576 eas
1775 2547 1924 2577 inculcare
1947 2556 2071 2578 conatus
2090 2547 2151 2576 sum

106 2589 244 2635 veritates
258 2611 268 2625 ,
291 2601 362 2628 quas
385 2592 468 2622 Filiis
492 2593 562 2623 meis
586 2595 673 2626 utiles
694 2594 758 2625 fore
778 2593 983 2624 existimabam.
1015 2593 1107 2623 Hunc
1132 2592 1256 2632 scopum
1279 2599 1376 2621 meum
1398 2599 1458 2630 prae
1479 2589 1576 2621 oculis
1597 2589 1704 2619 habeas
1727 2595 1801 2627 rogo
1814 2608 1823 2624 a
1844 2588 1913 2620 dum
1932 2587 2031 2628 leges,
2051 2595 2086 2616 sss—
2102 2587 2156 2617 be*

104 2637 193 2667 nigne
215 2631 251 2660 de
273 2630 427 2671 opusculo
444 2632 562 2671 judices

1265 2676 1300 2719 F
1324 2693 1350 2721 2
