2414 3105
579 114 894 184 ‘Dominic'a
920 116 1100 201 prima
1140 108 1589 206 Quadragefimae.

55 225 195 256 Quantam
216 222 304 263 ipsius
323 218 515 252 inter-sitnon
537 216 587 247 nifi
610 217 717 255 dignos
738 217 767 247 ἀ
787 218 930 256 probatos
947 218 983 246 ad
998 224 1063 261 tan-

55 259 118 295 tum
139 264 258 295 ‹rradnm
274 261 384 291 assumi.
406 259 490 290 Abiit
513 265 609 287 autem
630 265 662 287 ut
681 258 718 286 de
738 257 836 287 Vobis
858 257 995 291 timeam,
1009 257 1064 287 ah·

56 291 236 343 quem³inter
260 301 325 331 Vos
342 297 475 336 effe‚qui
489 298 578 325 vellet
600 296 830 326 contaminatam
852 295 1062 326 conscientiam

57 353 176 378 ⁰erens,
190 340 316 371 Ordines
333 338 438 367 Sacros
459 335 623 374 suscipere,
643 344 694 365 aut
715 336 834 373 indigna
856 335 886 365 &
905 335 1062 365 criminosa

56 369 117 413 ¹{zita
137 380 330 412 Ministerium
355 375 569 413 Evangelicum
592 375 784 405 inhonorare.
807 375 883 405 Tam
904 376 1062 409 acerbum,

57 424 88 452 ut
108 420 227 451 co'nfido
238 439 248 452 ‚
259 419 367 447 vulnus
382 423 540 452 numquam
555 414 694 444 Ecclesia:
714 424 874 453 numquam
895 414 981 445 cordi
996 423 1062 443 meo

57 460 204 492 iuffiffetis.
232 457 291 487 Sed
309 465 400 486 unum
423 454 479 488 est,
498 455 514 483 a
536 463 598 491 quo
621 457 711 491 magis
736 453 862 484 sollicite
888 453 988 483 Vobis
1014 462 1063 497 ca-

57 486 186 530 vendum
206 508 212 529 3
235 496 356 526 stillicet
379 504 415 524 ne
437 494 467 523 in
489 493 694 531 negligentiam
713 493 809 523 Officii
831 492 1009 528 Vestri‚aut
1031 501 1061 521 in

59 547 192 578 teporem
214 534 344 574 spriritus
366 532 503 563 incidatis
521 544 526 563 :
541 533 604 562 baec
627 533 704 562 enim
727 533 800 562 vitia
814 553 823 567 ‚
844 533 910 562 cum
936 542 996 576 non
1021 531 1062 576 ita

60 576 207 610 manifeste
228 573 395 604 scandalosa
415 572 591 606 lint‚minizs
611 580 773 607 curantur,
788 572 818 602 δι
838 579 934 601 tamen
950 573 1063 600 infinita

58 626 94 648 ex
115 617 150 646 iis
172 616 245 645 mala
266 612 403 651 quotidie
420 612 450 641 in
471 612 629 641 Ecclesiam
650 613 805 650 pullulant.
827 611 988 641 Enimvero
1000 610 1064 655 Mi-

57 655 157 690 nistri,
183 653 236 684 isto
269 660 372 691 tepore
395 653 581 686 laborantes,
600 661 654 681 nec
675 651 837 685 Oratione,
860 660 914 681 nec
939 652 1063 681 mortifi-

56 695 175 726 catione
198 693 355 726 sensuum‚
370 691 501 729 vitaeque
523 691 673 720 interioris
696 690 844 720 exercitiis
865 691 993 720 animum
1016 698 1063 719 re·

58 734 204 771 colligunt
226 753 235 768 ‚
258 740 311 761 nec
339 730 460 769 gratiam
485 729 666 760 Vocationis
688 729 755 759 Suae
776 729 936 760 identidem
959 736 1064 764 curant

59 773 230 804 resuscitare
243 782 251 804 ς
268 771 438 808 ignorantes
459 769 606 799 scientiam
625 769 819 804 Sanctorum,
833 779 866 799 ac
881 769 993 808 Spiritu
1006 768 1065 812 Dei

61 814 175 847 vacui,
197 811 247 840 vix
270 811 306 840 de
329 811 417 839 rebus
442 808 562 838 Divinis
581 809 667 847 loqui
688 810 808 839 norunt.
826 809 897 840 Hi,
916 809 934 838 fi
947 809 977 839 in
993 808 1065 838 Tri-

61 852 163 882 bunali
192 849 374 880 Poenitentiae
399 848 559 883 instruere,
583 848 753 886 corrigere,
774 849 988 887 reprehendere
1012 849 1063 876 de·

60 894 149 922 beant
163 912 171 925 ,
193 892 250 919 hoc
272 890 328 917 line
351 888 509 922 unffione,
527 888 584 917 fine
607 889 674 917 zelo
688 908 696 922 ‚
715 888 771 917 line
791 888 997 917 benedictione
1019 886 1065 916 sa-

62 932 169 963 ciunt;
194 928 281 958 Deest
305 928 381 957 enim
403 927 467 965 ipsis
490 927 607 965 spiritus
625 927 771 965 Pietatis,
791 927 843 965 qui
859 928 937 957 solus
962 926 1064 956 intima

62 970 163 1001 cordis
186 969 298 998 viscera
314 967 450 1006 pervadit
463 976 471 994 .·
484 975 538 995 nec
561 958 669 996 nortffit
691 966 790 995 debite
804 974 836 995 ut
854 966 953 1004 gladio
969 965 1064 995 Verbi

62 1010 139 1044 Dei,
162 1009 212 1047 qui
233 1007 378 1046 pertingat
403 1008 483 1043 usque
508 1008 548 1034 ad
569 1007 727 1042 divtfioncm
751 1009 853 1034 animae
876 1018 911 1034 ac
923 1008 1064 1043 spiritus,

63 1054 223 1087 campanum
255 1057 358 1083 quoque
382 1058 416 1076 ac
446 1046 634 1073 medullarum.
652 1048 662 1079 (
677 1044 763 1074 Hebr
788 1048 842 1080 4.)
874 1044 955 1074 Hinc
977 1046 1007 1073 fit
1032 1051 1064 1073 ut

62 1075 234 1126 peceaffores
246 1086 282 1114 ab
295 1084 360 1122 ipsis
375 1084 513 1113 recedant
528 1082 628 1121 frigidi
641 1082 671 1112 δι
690 1082 893 1122 iucompunCti
906 1095 915 1111 :
930 1083 1062 1121 quinimo

58 1129 108 1157 illa
124 1122 327 1156 Miniltrorum
346 1122 484 1161 tepiditas
505 1123 626 1152 securos
639 1123 863 1160 quodammodo
878 1122 957 1161 ipsos
972 1122 1043 1152 facit
1056 1145 1064 1157 ‚

60 1167 186 1203 c'nmque
207 1163 328 1193 videant
353 1163 477 1192 vulnera
503 1162 552 1192 sua
575 1169 633 1191 tam
654 1162 834 1199 negligenter
859 1162 873 1190 ἐι
897 1162 1065 1192 Pastoribus

61 1206 180 1238 curari,
204 1202 296 1232 ῑηὶηἶις
319 1201 446 1231 sentiunt
478 1210 583 1232 eorum
604 1201 782 1236 foeditatem‚
806 1200 836 1230 &
855 1202 995 1239 paulatim
1018 1201 1066 1231 in-

61 1245 178 1283 cipiunt
201 1242 345 1280 negligere
365 1263 375 1276 ‚
407 1251 440 1271 ac
468 1241 584 1270 demum
610 1248 797 1270 contemnere
823 1249 948 1271 terrores
972 1241 1039 1271 illos
1057 1261 1066 1276 ‚

61 1293 137 1323 quos
148 1282 271 1322 primam
280 1281 338 1310 illis
349 1280 512 1318 incutiebat
526 1280 721 1311 contaminata
731 1281 861 1318 peccatis
876 1280 1066 1311 conscientia.

103 1322 218 1353 Deinde
228 1323 296 1351 dum
305 1320 398 1359 tepidi
409 1319 577 1358 hujusmodi
590 1319 765 1349 Sacerdotes
779 1320 954 1349 Catliedram
965 1321 1067 1350 ascen-

65 1363 138 1393 dunt
161 1360 436 1398 Evangelicatmex
458 1361 548 1389 corde
569 1359 623 1390 suo
645 1359 732 1389 sterili
752 1359 969 1390 niliilerue'lant
983 1362 1065 1398 quod

65 1402 235 1432 unCiionem
262 1400 378 1438 spiritns
401 1400 506 1428 habeat
521 1419 530 1434 ‚
551 1407 601 1429 aut
625 1400 661 1427 ad
681 1399 823 1428 Pietatem
850 1408 1064 1434 commoveam

64 1443 112 1471 sed
134 1443 227 1478 vana,
241 1438 344 1473 sterili,
358 1448 392 1467 ac
413 1438 519 1477 puerili
539 1438 707 1476 eloquentia
722 1438 874 1468 Do&rinae
891 1438 988 1469 Sacrzc
1002 1449 1069 1477 gra-

66 1482 188 1510 vitatem
209 1481 383 1516 deturpant,
397 1479 426 1507 ἃ
441 1477 500 1516 ipsa
515 1478 693 1508 Prtedicatio
716 1477 892 1515 Evangelii,
904 1487 970 1517 quae
987 1480 1067 1509 Fons

67 1520 176 1550 Salutis
202 1520 321 1548 deberet
342 1516 395 1546 effe
420 1517 497 1546 fideli
521 1519 656 1556 populo,
682 1518 737 1546 fine
763 1518 884 1552 fructu,
907 1519 963 1547 line
985 1518 1067 1548 utili-

63 1568 123 1589 tate
147 1558 317 1598 peragitur,
344 1557 438 1594 ficque
463 1556 555 1595 tepidi
580 1557 623 1586 illi
651 1556 782 1586 Pastores
813 1558 970 1587 catarattas
995 1557 1068 1588 Cocli

66 1600 209 1629 claudunt
227 1596 336 1628 ovibus
356 1596 413 1625 suis
424 1616 432 1630 ,
446 1605 512 1634 quae
526 1597 556 1625 in
570 1604 647 1626 terra
662 1596 774 1626 deserta
794 1597 823 1626 ὅς
837 1596 978 1634 inaquosa
993 1607 1067 1627 con-

64 1638 184 1672 stitutae,
205 1636 352 1673 languidae
373 1638 444 1665 fiunt
464 1645 497 1665 ac
513 1636 686 1669 emarcidae,
701 1636 729 1666 &
744 1637 867 1666 finaliter
887 1637 990 1666 anima:
1005 1637 1062 1666 suae

65 1687 166 1709 curam
179 1676 349 1715 abjicientes
361 1695 370 1709 ‚
394 1674 496 1705 misere
519 1677 692 1713 depereunt.
874 1689 877 1692 ⁴
1025 1691 1029 1697 ·

109 1719 279 1746 Atllzormtio
291 1718 599 1753 adpraeparationem.)
616 1714 727 1744 Videte
744 1713 836 1752 igitur
849 1714 1045 1749 ‚Dilefiissimi
1056 1736 1065 1752 ‚

68 1758 154 1795 quain
168 1754 266 1787 sedulo
292 1762 397 1791 torpor
411 1754 460 1784 ille
485 1754 679 1784 excutiendus
703 1755 734 1782 fit
745 1773 754 1788 ‚
769 1753 798 1783 δί
812 1757 920 1792 quanta
933 1755 1044 1785 Pietate
1054 1776 1063 1790 ‚

65 1806 177 1836 quanto
202 1796 322 1825 fervore
343 1793 442 1823 Vobis
464 1795 545 1832 opus
564 1793 613 1827 sit,
639 1800 672 1822 ut
693 1793 851 1830 aliquando
874 1803 941 1823 cum
965 1794 1063 1825 frrfflu

62 1837 94 1867 in
107 1837 203 1865 Vinea
217 1832 339 1864 Domini
364 1833 506 1863 laboretis
552 1833 636 1862 Ablit
662 1833 753 1872 porro
774 1833 789 1861 ”a
812 1842 856 1862 me
878 1835 1004 1871 procul,
1032 1842 1064 1864 ut

64 1886 116 1915 per
131 1876 193 1904 haec
210 1875 225 1903 a
248 1871 412 1902 Ministerio
438 1872 530 1903 Sacro
554 1873 620 1902 Vos
644 1873 790 1902 deterrere
812 1872 1065 1911 intenda1n‚qui11

61 1923 183 1945 econtra
198 1915 233 1943 ad
245 1914 359 1943 Statum
371 1919 428 1941 tam
444 1912 594 1942 sublimem
607 1933 616 1947 ‚
631 1919 689 1941 tam
715 1911 900 1941 meritorium
918 1913 1067 1943 exhortari

67 1956 134 1985 Vos
148 1954 239 1992 cupio
264 1965 270 1982 ε
297 1953 344 1982 sed
371 1952 451 1981 simul
474 1952 600 1982 excitare
623 1953 708 1982 volo-
726 1950 839 1981 animos
867 1952 986 1982 Vestros
1003 1975 1011 1987 ,
1033 1961 1066 1983 ut

66 1993 270 2032 negligentiam
288 2000 403 2022 omnem
424 1992 605 2021 excutientes
616 2011 626 2026 ‚
641 1991 799 2029 acquiratis
814 1991 962 2021 scientiam
974 1992 1067 2023 Sane-

68 2042 166 2064 torurn
181 2054 190 2067 ‚
211 2032 241 2062 δι
259 2032 289 2062 in
311 2032 431 2061 fervore
457 2031 573 2069 spiritus
596 2031 761 2061 ambuletis.

80 2066 85 2072 ’
111 2072 280 2103 Constantia
288 2071 405 2111 quidem
419 2070 635 2101 &tortitudine
650 2070 749 2100 Vobis
764 2079 838 2109 opus
853 2069 890 2100 est
902 2081 909 2102 ;
923 2080 977 2101 nec
992 2072 1068 2102 enim

66 2113 122 2142 {ine
133 2112 352 2142 difficultatibus
371 2118 450 2139 tanta
473 2110 531 2139 Dei
557 2111 635 2139 dona
649 2109 844 2147 acquiruntur
859 2122 867 2139 :
882 2111 940 2139 Sed
954 2111 1067 2141 vincite

68 2151 273 2190 Vosmetipsos
299 2161 306 2183 ;
331 2159 448 2180 carnem
464 2149 656 2181 mortificate;
673 2149 809 2179 Orationi
830 2149 965 2179 instantes
987 2150 1065 2183 este4

67 2190 173 2221 Libros
185 2191 303 2221 'Sacros
317 2197 429 2222 amate;
446 2189 589 2220 Christum
609 2189 784 2224 imitamini,
805 2188 835 2218 <Sc
857 2191 986 2219 eamdem
1000 2200 1066 2220 cum

68 2230 134 2267 Ipso
157 2230 347 2269 praedicaturi
374 2229 546 2259 Doctrinam
560 2250 569 2264 ,
588 2227 701 2258 tendite
724 2238 791 2258 cum
811 2228 925 2259 Christo
950 2230 978 2259 in
1004 2229 1066 2259 De-

71 2268 175 2299 sertum
191 2281 198 2299 :
211 2272 313 2306 (Hunc
327 2274 356 2298 in
372 2272 456 2307 finem
469 2272 586 2297 eundum
606 2280 665 2297 cum
688 2272 787 2307 Christo
808 2272 837 2297 ln
852 2271 1067 2306 Solitudinem.)

73 2306 104 2335 id
129 2308 165 2336 est
186 2308 215 2337 in
241 2309 374 2344 silentio,
395 2308 425 2338 in
447 2308 626 2342 solitudine,
647 2309 671 2345 aff
684 2309 771 2338 rebus
792 2308 929 2337 omnibus
951 2309 1067 2339 inutili-

73 2347 130 2374 bus
156 2347 184 2376 &
206 2348 360 2377 mundanis
381 2355 507 2378 avocate
529 2348 658 2379 animum
672 2367 680 2382 ‚
704 2346 733 2376 δι
752 2347 792 2376 ita
817 2355 916 2386 parate
942 2348 1008 2378 Vos
1031 2349 1067 2378 ad

74 2386 305 2416 annuntiandum
324 2387 518 2425 Evangenum
541 2387 632 2426 pacis.

62 2436 67 2440 ·
86 2432 91 2435 ·
113 2423 162 2454 Sic
176 2425 300 2454 audietis
320 2426 436 2456 Vocem
458 2427 582 2457 Domini
596 2438 604 2459 ;
620 2426 655 2455 lic
677 2433 761 2455 notas
781 2425 878 2455 Vobis
899 2425 987 2455 faciet
1003 2427 1071 2456 Vo-

73 2464 199 2493 luntates
229 2465 313 2494 Suas.
343 2469 450 2495 Ducam
466 2478 526 2497 eam
546 2471 576 2495 in
588 2468 783 2504 fhlimdinem‚
796 2465 891 2504 inquit
912 2467 946 2494 de
959 2466 1072 2505 Sponsa

72 2503 134 2533 Sua
147 2503 272 2541 Spiritus
294 2503 415 2534 Sanetus
428 2525 437 2540 ‚
460 2509 486 2535 C«
500 2510 597 2544 loquar
606 2508 646 2534 ad
665 2518 710 2534 cor
722 2516 792 2542 elus.
812 2505 910 2541 (Osee
926 2514 950 2534 2.
963 2510 972 2541 )
983 2507 1026 2535 lte
1041 2506 1071 2535 &

74 2541 140 2572 Vos
160 2543 188 2572 in
209 2542 413 2576 iblitudinem.
436 2544 465 2574 δι
478 2555 512 2575 ex
527 2548 584 2575 hoc
606 2546 687 2575 sacro
701 2544 814 2573 deserto
826 2565 834 2578 ,
848 2545 884 2573 ad
907 2547 1071 2583 exemplum

73 2582 199 2618 CjUsdem
222 2581 361 2620 Sponsae,
385 2583 544 2614 ascendetis
567 2591 709 2624 effluentes
733 2585 838 2612 deliciis
851 2605 860 2619 ‚
875 2585 901 2613 Cf
915 2589 1069 2621 innixis&-

64 2632 118 2658 per
141 2624 277 2650 Oilei—”lum
305 2624 436 2660 Vestrum.

112 2660 206 2691 Jacob
231 2661 262 2691 in
287 2660 445 2692 solitudine
470 2670 530 2692 erat
552 2663 620 2694 dum
641 2663 720 2694 viam
747 2663 820 2694 Coen
844 2663 1013 2702 cognovit,
1039 2663 1068 2693 δι

1119 2555 1122 2559 “
1141 2546 1264 2577 Justitiae
1277 2547 1448 2590 *impediunt
1473 2557 1480 2577 ;

1134 216 1248 246 Scalam
1264 216 1342 247 illam
1363 216 1524 246 mirabilem
1535 238 1544 252 ‚
1561 226 1627 255 quae
1641 218 1678 247 ad
1696 219 1789 250 Deum
1806 223 1956 259 ducebat,
1974 223 2138 261 conspexit·

1134 260 1148 292 (
1164 257 1242 286 Gen.
1256 256 1326 294 28.)
1341 256 1469 295 Moyses
1491 265 1552 286 erat
1571 258 1600 286 in
1623 258 1736 287 deserto
1752 280 1760 293 ‚
1773 261 1841 291 dum
1858 264 1872 291 'a
1886 263 1952 293 Deo
1974 263 2137 292 Millionem

1134 296 1223 325 Suam
1239 295 1355 334 accepit
1378 298 1414 325 ad
1428 297 1574 335 populum
1594 296 1694 327 lsrael.
1715 300 1725 334 (
1742 299 1840 330 Exod.
1853 311 1878 339 3.
1894 305 1904 338 )
1927 302 2039 332 Rursus
2054 311 2139 331 euin-

1134 337 1198 365 dem
1221 337 1367 375 populum
1391 345 1450 365 non
1475 337 1505 364 in
1526 335 1664 374 AEgypto
1678 357 1687 372 ,
1707 345 1774 373 quac
1795 340 1898 377 utique
1923 344 2013 380 figura
2035 341 2138 371 mundi

1134 383 1217 409 erat,
1236 375 1285 404 sed
1315 375 1345 405 in
1371 375 1486 405 deserto
1515 374 1675 405 sacrificare
1698 375 1761 405 Sibi
1788 379 1886 408 voluit
1909 381 2057 411 Dominus
2075 381 2138 411 :ibi

1134 423 1219 453 aqum
1234 435 1243 448 ,
1267 416 1370 445 natura
1392 415 1441 444 sua
1461 423 1583 448 amara),
1603 415 1667 452 iplis
1694 416 1795 446 dulces
1816 417 1902 447 sae'tae
1926 420 2013 452 sunt;
2036 421 2077 451 ibi
2101 423 2137 450 de

1133 455 1219 483 Petra
1234 453 1380 493 spiritual-i
1400 453 1540 483 biberunt
1555 465 1562 486 ;
1586 453 1628 483 ibi
1644 454 1754 484 Manna
1767 476 1776 491 ‚
1789 456 1888 486 cibum
1909 458 1990 488 illum
2004 461 2040 488 de
2053 461 2136 491 leo

1133 493 1244 522 missum
1258 516 1267 528 ‚
1283 493 1608 532 collegerunt.(Exod.
1621 502 1646 530 5.
1668 502 1712 530 15.
1730 495 1773 524 16.
1791 497 1859 534 ιγ.)
1877 497 1926 526 Ah
1942 500 1947 526 !
1965 499 2049 536 quam
2068 500 2137 530 senx

1132 534 1278 572 populus,
1293 533 1311 562 si
1326 533 1382 562 line
1395 542 1543 562 murmure
1553 553 1561 567 ‚
1576 534 1632 563 line
1654 535 1772 572 querela
1790 543 1903 565 tantum
1917 538 2063 566 donorum
2080 549 2139 568 cnr<

1130 572 1244 602 lestium
1264 574 1416 601 cumulum
1448 572 1629 612 percepisset.
1646 593 1654 602 .
1668 595 1675 601 .
1701 573 1735 603 In
1757 576 1863 605 eodem
1882 586 2002 614 quoque
2023 578 2137 609 deserto

1133 612 1255 651 Moyses
1276 612 1406 642 ascendit
1427 619 1575 646 montem,
1596 612 1625 641 ὅι
1649 611 1778 648 ibidem,
1796 615 1811 642 a
1835 616 1976 645 creaturis
1999 617 2137 647 omnibus

1131 652 1280 690 separatus
1290 672 1299 686 ‚
1309 661 1377 681 cum
1392 651 1459 681 Deo
1473 652 1594 682 locutus
1610 650 1772 691 est,1psum
1787 653 1862 684 vidit
1875 654 1950 685 facie
1964 657 1999 684 ad
2013 656 2116 685 faciem
2128 678 2138 692 ,

1132 691 1241 729 Legem
1267 691 1405 730 acecpit;
1439 690 1566 727 (Exod.
1595 699 1629 729 19
1663 692 1693 721 ἃ
1715 692 1797 731 seq.)
1821 702 1909 731 atque
1939 695 2007 724 inde
2032 695 2137 725 divino

1132 732 1237 770 plenus
1260 730 1350 768 igne,
1374 731 1489 760 rediens
1516 732 1552 759 ad
1577 732 1722 770 populum
1737 752 1747 766 ‚
1768 731 1875 764 Sancto
1904 733 1980 765 Zelo
2003 735 2138 765 incensus

1133 770 1263 800 vitulum
1288 779 1410 800 aureum
1436 769 1590 805 destruxit,
1606 770 1634 800 ἃ
1655 771 1684 800 in
1699 772 1872 802 adoratores
1892 775 1953 819 eJus
1976 775 2136 804 vindieiam

1128 809 1232 848 justam
1256 809 1397 840 exercuit.
1414 830 1421 838 .
1436 831 1443 838 .
1463 810 1476 847 (
1491 810 1599 839 Matth.
1613 819 1641 849 3.
1658 812 1669 849 )
1692 810 1725 840 In
1749 812 1883 847 deserto,
1902 823 1932 843 in
1954 813 2114 843 solitudine
2128 837 2136 848 ,

1132 858 1184 888 per
1206 848 1325 887 triginta
1345 848 1406 879 fere
1425 858 1518 879 annos
1540 857 1657 887 aptatus
1677 849 1734 879 fuit
1753 851 1923 883 Praecursor
1944 852 2086 887 Domini,
2102 863 2134 883 ut

1133 888 1307 928 praedicaret
1329 888 1527 927 poenitentiam
1538 910 1546 924 ‚
1561 888 1590 918 &
1605 889 1683 918 viam
1698 890 1814 920 Christo
1827 900 1950 930 pararet.
1973 892 2032 922 Hic
2047 893 2137 923 hausit

1134 928 1339 958 fortitudinem
1360 928 1438 958 illam
1451 951 1460 963 ‚
1474 930 1532 966 quit
1553 928 1660 959 deinde
1683 929 1778 967 Reges
1803 930 1881 969 ipsos
1906 932 2069 962 conterruit
2082 953 2090 966 ‚
2106 933 2136 962 δέ

1134 968 1251 997 Herodi
1266 967 1387 997 crimina
1407 969 1456 997 sua
1470 968 1661 1007 exprobravit
1675 990 1682 1003 ,
1695 969 1751 998 sine
1766 969 1987 1001 dillimulatione
2000 972 2076 1010 Regi
2092 973 2138 1001 di·-

1136 1016 1223 1035 cens:
1242 1007 1362 1045 (Marc.
1378 1008 1431 1044 6.)
1453 1010 1519 1036 Non
1546 1010 1609 1036 licet
1634 1011 1684 1037 tibi
1708 1012 1804 1038 habere
1826 1023 1937 1040 uxorem
1959 1014 2063 1047 fratris
2084 1017 2137 1041 tui⁰

1136 1045 1260 1080 Verbo,
1274 1046 1322 1075 hic
1347 1055 1408 1076 eam
1433 1046 1586 1084 acquisivit
1604 1047 1782 1079 sanffltatem
1796 1069 1805 1084 ‚
1825 1058 1857 1079 ut
1882 1052 1972 1089 major
1995 1051 2060 1090 ipso
2075 1060 2135 1082 non

1134 1084 1291 1114 surrexerit
1313 1085 1389 1115 inter
1411 1093 1495 1115 natos
1518 1086 1681 1116 mulierum.

1173 1124 1213 1153 Et
1236 1133 1268 1153 ut
1291 1125 1406 1154 redeam
1435 1125 1469 1152 ad
1492 1126 1676 1164 praecipuum
1700 1127 1787 1165 hujus
1809 1128 2023 1160 exhortationis
2048 1140 2136 1168 argu-

1134 1171 1262 1193 mentum
1280 1174 1287 1196 ;
1305 1164 1420 1201 lpsirnet
1433 1164 1547 1194 Christo
1566 1165 1632 1194 satis
1652 1175 1713 1196 non
1735 1167 1790 1196 fuit
1807 1188 1815 1201 ‚
1829 1168 1858 1198 in
1883 1171 2000 1199 occulta
2016 1170 2135 1208 triginta

1135 1212 1280 1233 annorum
1303 1204 1365 1233 vita
1384 1203 1514 1237 latuisse,
1535 1212 1691 1242 antequam
1711 1207 1897 1237 annuntiaret
1917 1208 2133 1246 Evangelium;

1134 1243 1183 1272 sed
1198 1243 1319 1280 ubijam
1344 1243 1374 1273 in
1399 1243 1555 1281 prot-insin
1570 1252 1630 1273 erat
1650 1246 1686 1274 ad
1706 1246 1869 1277 Missionem
1888 1247 1977 1276 Suam
1991 1248 2136 1278 inchoan-

1136 1283 1201 1312 dam
1211 1303 1220 1317 ,
1234 1291 1285 1321 per
1300 1283 1490 1320 quadraginta
1517 1283 1578 1313 dies
1593 1283 1623 1313 in
1639 1285 1781 1315 desertum
1792 1285 1914 1321 secedit,
1926 1295 2013 1325 atque
2027 1288 2134 1318 ibidem

1136 1321 1306 1352 abstinentia
1319 1345 1327 1357 ‚
1337 1323 1452 1360 jejunio
1464 1342 1473 1357 ‚
1487 1323 1599 1353 silentio
1611 1344 1619 1357 ‚
1633 1324 1769 1355 oratione
1782 1346 1791 1360 ‚
1803 1335 1837 1355 ac
1854 1326 1948 1356 Verbi
1971 1328 2028 1357 Dei
2043 1325 2135 1358 medi*-

1136 1361 1249 1391 tatione
1271 1362 1308 1390 ad
1329 1370 1474 1393 certamen
1494 1363 1521 1393 se
1534 1362 1739 1397 confortavit;
1760 1373 1811 1400 ut,
1824 1366 1881 1395 hoc
1895 1365 2024 1397 instrueti
2038 1366 2136 1398 exem-

1138 1402 1188 1439 plo
1201 1422 1211 1436 ‚
1234 1400 1354 1441 vestigia
1375 1403 1436 1439 ejus
1458 1402 1621 1441 sequamur.
1636 1425 1642 1431 .
1657 1425 1664 1432 .
1687 1404 1725 1433 Et
1747 1404 1882 1443 profecto
1896 1426 1905 1439 ‚
1920 1406 1937 1434 li
1953 1409 2137 1445 pervolvatis

1136 1440 1310 1471 Sanctorum
1344 1441 1419 1471 vitas
1434 1461 1443 1476 ‚
1466 1443 1517 1480 qui
1541 1442 1604 1480 post
1632 1443 1776 1474 Christum
1807 1444 1985 1483 Apostolico
2009 1447 2136 1477 Munere

1137 1480 1230 1510 funffl
1249 1481 1336 1517 sunt,
1361 1481 1522 1516 videbitis:
1544 1482 1616 1512 lllos
1639 1484 1739 1512 eadem
1763 1485 1881 1522 prorsus
1904 1486 2045 1516 methodo
2073 1488 2137 1517 ani-

1138 1529 1216 1549 mum
1240 1520 1290 1551 fibi
1313 1521 1420 1559 parasse
1442 1528 1523 1550 tanto
1548 1523 1661 1552 muneri
1688 1522 1840 1553 subeundo
1863 1533 1971 1562 parem.
2002 1526 2136 1556 Novistis

1137 1569 1258 1597 quoqne
1273 1580 1282 1594 ‚
1304 1561 1378 1590 illos
1395 1581 1403 1595 ‚
1436 1561 1487 1598 qui
1512 1560 1670 1591 novistimis
1693 1562 1770 1592 hisce
1793 1564 1976 1601 temporibus
2002 1565 2135 1604 spiritum

1137 1599 1370 1630 Ecclefiasticum
1383 1601 1412 1630 in
1425 1600 1513 1629 Clero
1534 1599 1738 1630 resuscitatum
1748 1622 1756 1635 ,
1769 1602 1844 1631 hanc
1857 1604 2136 1642 praecipue'metho-

1134 1640 1204 1668 dum
1227 1638 1382 1669 inculcasse
1394 1659 1403 1674 ‚
1424 1639 1526 1677 illique
1541 1640 1682 1670 methodo
1699 1641 1907 1671 adscribendos
1921 1643 2032 1673 fruCius
2046 1645 2114 1674 illos
2127 1666 2137 1681 ‚

1131 1688 1208 1717 quos
1224 1688 1258 1708 ex
1277 1688 1386 1709 mutata
1401 1679 1480 1710 Cleri
1503 1679 1546 1709 sui
1566 1677 1640 1710 sacie
1657 1682 1715 1719 jam
1737 1681 1796 1711 late
1819 1681 1945 1720 degustat
1964 1683 2061 1714 Mater
2075 1685 2135 1716 Ec-

1132 1718 1225 1747 clefia.

1172 1757 1251 1786 Hinc
1272 1757 1336 1796 post
1356 1757 1560 1787 Tridentinam
1584 1758 1740 1797 Synodum
1760 1766 1806 1789 tot
1828 1760 1940 1798 ubique
1960 1764 2053 1792 ereeta
2070 1763 2136 1795 sunt

1132 1795 1314 1832 seminaria,
1341 1805 1373 1827 ut
1398 1798 1427 1827 in
1453 1796 1531 1830 illis,
1551 1804 1698 1835 tamquam
1730 1799 1760 1828 in
1783 1799 1963 1830 Civitatibus
1990 1802 2137 1841 Refugii',

1132 1836 1296 1865 habitarent
1320 1836 1390 1865 Filii
1413 1835 1488 1866 Levi
1511 1837 1526 1865 a
1551 1838 1667 1875 reliquo
1693 1840 1808 1877 populo
1831 1840 1991 1877 segregati,
2010 1842 2136 1872 abstrac-

1132 1875 1214 1914 tique
1237 1885 1251 1904 a
1279 1876 1434 1905 mundanis
1458 1875 1617 1912 omnibus,
1644 1877 1713 1907 solis
1738 1878 1858 1909 Divinis
1883 1881 1969 1916 rebus
1996 1885 2135 1913 vacaren't

1135 1916 1165 1944 ἃ
1180 1916 1278 1945 Status
1299 1916 1342 1945 sui
1356 1916 1466 1945 Officiis
1488 1917 1662 1946 meditandis
1681 1916 1737 1947 toti
1756 1918 1970 1948 incumberent.
1993 1920 2035 1950 At
2057 1932 2134 1960 quo-

1134 1954 1211 1983 niam
1226 1956 1261 1984 de
1282 1955 1358 1985 hisce
1377 1955 1515 1985 domibus
1527 1965 1685 1993 earumque
1699 1957 1879 1987 institutione
1890 1968 1923 1988 ac
1937 1959 2028 1998 scopo
2044 1962 2135 1992 bodie

1134 1994 1222 2024 latins
1246 1995 1368 2024 mactare
1387 2003 1502 2033 tempus
1522 2005 1581 2025 non
1595 1995 1731 2035 patitur,
1751 1997 1871 2028 sufficiet
1897 1998 1962 2028 Vos
1985 2000 2134 2030 exhortari

1136 2034 1173 2063 ad
1199 2033 1332 2073 spiritum
1351 2034 1434 2064 illum
1456 2035 1585 2065 Seccll'us
1599 2035 1638 2065 ⁴&
1661 2035 1860 2072 Solitudinis,
1882 2037 1955 2066 adeo
1971 2037 2068 2069 Vobis
2081 2049 2134 2069 ne-

1137 2073 1296 2103 cessarium.
1851 2076 1854 2078 ’

1177 2116 1348 2152 (Neceffi‘ms
1366 2116 1443 2152 istius
1455 2115 1560 2149 simile
1580 2117 1771 2153 fhlutidinis.)
1792 2115 1976 2146 Necess'arius
1996 2117 2045 2148 ille
2065 2119 2134 2149 Vo-

1137 2152 1182 2181 bis
1195 2152 1231 2181 est
1242 2175 1250 2187 ,
1265 2160 1298 2182 ut
1313 2152 1344 2181 in
1357 2152 1455 2190 quiete
1468 2153 1497 2181 δε
1512 2154 1622 2183 fllentio
1634 2155 1779 2193 Vosipsos
1790 2155 1975 2192 examinetis,
1991 2157 2135 2189 &intima

1138 2191 1237 2222 cordis
1263 2191 1358 2222 Vestri
1381 2192 1572 2224 scrutemini;
1595 2201 1626 2223 ut
1649 2194 1745 2224 sciatis
1770 2204 1831 2233 quo
1849 2194 1952 2232 spiritu
1977 2198 2133 2235 agamini...

1138 2231 1225 2261 Nihil
1245 2231 1321 2260 enim
1336 2235 1424 2268 magis
1445 2232 1602 2263 abstrusum
1615 2233 1651 2262 est
1662 2254 1670 2267 ‚
1683 2234 1769 2271 quam
1785 2244 1838 2263 cor
1853 2234 1979 2265 hominis
1992 2258 2000 2272 ,
2015 2238 2043 2267 ἅ-
2058 2239 2134 2276 stcpe

1135 2271 1240 2309 saepius
1253 2293 1262 2305 ,
1281 2272 1350 2299 dum
1370 2278 1506 2308 putamus
1526 2281 1579 2301 nos
1595 2281 1679 2309 agere
1694 2283 1770 2311 opus
1785 2273 1860 2307 Dei,
1873 2273 2056 2306 inveniemus
2071 2287 2134 2308 non

1136 2310 1189 2339 esl'e
1212 2310 1262 2340 nili
1287 2310 1433 2339 motivum
1453 2310 1574 2348 aliquod
1598 2313 1779 2351 temporale,
1806 2322 1932 2343 amorem
1958 2317 2134 2355 proprium,

1134 2351 1270 2378 latentem
1294 2349 1421 2387 aliquam
1452 2351 1627 2387 pastionem,
1649 2361 1714 2390 qnae
1738 2362 1792 2382 nos
1822 2352 1947 2389 animet,
1973 2355 2002 2385 δι
2025 2366 2090 2394 quae
2117 2360 2133 2388 a

1138 2389 1205 2418 Deo
1228 2389 1279 2418 ess'e
1300 2398 1360 2417 non
1380 2388 1483 2427 potest.
2113 2426 2117 2428 q

1177 2427 1382 2457 Abstradlione
1397 2428 1496 2466 itaque
1511 2428 1584 2466 opus
1600 2428 1637 2458 est
1649 2430 1663 2458 a
1678 2431 1765 2460 rebus
1781 2431 1916 2461 omnibus
1927 2453 1935 2467 ‚
1948 2443 2014 2471 quae
2029 2438 2136 2467 oculos

1138 2467 1251 2497 nostros
1277 2467 1417 2497 fascinare
1439 2467 1550 2506 ponent
1569 2479 1575 2497 ;
1596 2469 1625 2498 in
1651 2470 1748 2499 amno
1775 2479 1870 2500 autem
1893 2471 2006 2503 Secess'u
2029 2475 2136 2514 dispel-

1138 2507 1236 2536 lentur
1249 2507 1376 2535 tenebrae
1389 2507 1448 2537 illte
1458 2531 1466 2542 ,
1480 2507 1687 2546 dillipabuntur
1697 2511 1788 2539 nubes
1799 2531 1807 2544 ,
1818 2520 1884 2548 quse
1897 2513 2040 2550 aspectum
2055 2515 2135 2545 Solis

1513 2547 1541 2576 &
1568 2548 1648 2578 ficati
1671 2549 1787 2579 lucente
1808 2551 1868 2580 sole
1890 2551 1977 2583 etiam
2004 2554 2135 2585 minimas

1140 2595 1255 2615 atomos
1276 2595 1305 2614 m
1329 2589 1397 2615 aere
1421 2587 1563 2624 pendulas
1588 2588 1788 2623 advertimus,
1807 2590 1846 2618 ita
1868 2590 1897 2619 ἃ
1919 2599 1989 2621 tunc
2013 2594 2136 2625 offerent

1138 2625 1196 2654 sese
1219 2625 1321 2654 mentis
1345 2626 1447 2655 nostrae
1475 2626 1570 2655 oculis
1601 2626 1785 2657 infidelitates
1807 2629 1888 2663 illae,
1913 2631 1993 2660 leves
2016 2633 2134 2669 quidem

1139 2664 1296 2703 aliquando
1311 2684 1320 2698 ‚
1339 2665 1386 2693 sed
1407 2674 1473 2704 quae
1486 2673 1582 2695 tamen
1602 2667 1798 2698 abundantem
1819 2669 1976 2707 gratiarum
1991 2671 2134 2703 infimum

1222 2712 1322 2752 Gz
