2414 3105
189 74 266 141 26
784 84 803 104 '⁴
914 64 1243 130 Exhortatio
1322 71 1516 130 Prima

186 174 323 206 Gloriam
346 172 403 202 Dei
423 164 459 202 ‘ae
487 171 592 203 animae
611 170 716 203 nossrae
735 171 875 208 salutem,
896 169 986 209 longe
1006 170 1139 210 profecto
1165 171 1181 200 fa

184 216 234 245 via
253 214 329 243 resta
352 213 531 242 aberramus.
565 213 668 251 Itaque
691 213 710 241 li
733 214 773 243 ob
796 214 936 242 humanas
962 211 1159 249 persuasiones
1173 232 1183 245 ‚

186 256 227 285 ob
246 251 386 291 praetensa
408 252 479 281 vitae
497 254 657 282 commoda
671 274 680 287 ,
700 253 750 281 vel
772 255 812 282 ob
836 252 917 281 aliud
940 250 1087 280 motivum
1109 258 1184 279 tcm-

185 293 288 329 potale
309 290 485 322 Sacerdotio
505 290 617 320 initiari
638 292 781 322 desideres
794 312 804 327 ‚
824 291 898 322 scito
913 312 923 325 ‚
947 298 1007 320 non
1028 288 1080 318 effe
1108 290 1183 319 hanc

184 340 285 361 veram
309 340 343 360 ac
366 330 508 360 Divinam
523 330 723 361 Vocationem
739 341 749 363 ς
764 341 818 360 nec
842 330 918 360 enim
941 331 976 358 ad
996 329 1084 358 talem
1098 331 1184 358 finem

185 369 384 400 Ministerium
403 371 527 401 Sacrum
549 371 565 399 ὲ
586 370 654 401 Deo
677 370 839 400 institutum
862 379 895 399 ac
917 368 1084 401 ordinatum
1104 368 1183 399 fuit:

183 410 231 439 sed
250 410 374 440 vocatio
396 411 463 439 haec
480 409 519 438 est
539 410 636 439 carnis
657 409 686 439 δι
708 410 855 448 sanguinis
871 420 879 441 ς
897 409 926 438 δι
939 429 948 442 ,
968 407 1033 437 clim
1049 407 1081 437 in
1098 417 1186 438 carne

181 449 305 481 semines
319 469 328 484 ‚
352 453 383 479 de
406 461 486 479 carne
511 460 594 478 metes
617 455 813 487 corruptionem
835 449 931 485 (Gal.
947 449 1003 483 6.)
1028 446 1059 476 &
1081 446 1187 477 interi-

183 497 259 520 tum.
289 489 356 519 Nec
378 488 494 528 poss'unt
510 489 624 519 motiva
637 489 724 523 talia,
739 488 927 519 mutabilitati
942 497 975 517 ac
996 487 1186 525 corruptioni

185 528 318 560 obnoxia
331 548 340 562 ‚
358 529 487 558 animum
509 536 594 558 tuum
620 528 651 557 in
672 535 718 558 tot
739 528 895 558 Ministerii
925 525 1006 557 Sacri
1029 525 1186 557 difficulta-

183 568 266 599 tibus
286 567 422 597 sustinere
435 590 443 603 ,
463 576 513 597 aut
532 567 610 597 illam
629 567 759 597 tribuere
779 568 984 598 fortitudinem
997 588 1006 600 ,
1031 575 1118 605 quam
1133 568 1186 595 ha-

183 609 255 638 bent
281 606 382 638 felices
407 608 466 637 illae
495 606 600 636 animae
618 627 627 641 ‚
656 615 722 645 quae
754 607 809 637 soli
833 608 900 637 Deo
925 607 1068 640 intentae,
1091 606 1208 636 solum>

184 647 281 687 ipsum
308 647 339 677 in
364 646 530 677 Ministerio
553 654 712 685 quaerunt;
736 655 770 676 ac
802 647 929 685 proinde
944 665 953 678 ,
984 645 1187 682 quidcumque

184 686 251 726 ipsis
273 687 386 716 adversi
407 687 523 717 accidat
540 707 549 721 ‚
572 687 682 725 semper
703 686 771 715 Deo
793 687 846 715 suo
870 685 972 725 pleni..
995 684 1187 714 abundantis-

184 728 282 756 limam
307 726 338 756 in
365 727 469 756 eodem
490 726 557 755 Deo
583 725 733 764 reperiunt
758 725 1001 756 consolationem.

226 766 302 796 Haec
330 765 450 803 inquam
469 765 574 795 'omnia
604 765 759 802 diligenter
785 765 992 804 perscrutanda
1019 762 1107 793 sunt:
1131 772 1187 794 nec

185 813 225 836 eo
246 813 381 843 tempore
401 804 576 844 capiendum
599 805 751 834 confilium
764 825 772 839 ,
791 807 860 833 dum
882 803 994 834 animus
1014 803 1104 832 variis
1123 803 1189 842 pas-

186 845 317 875 sionibus
336 845 462 882 agitatus
474 864 483 879 ‚
503 844 580 883 quasi
598 843 683 873 navis
706 843 924 882 tempestatibus
944 842 1089 881 quassata,
1106 852 1190 872 nune

187 885 246 914 huc
268 893 346 914 nunc
366 885 436 914 illuc
457 883 594 922 dejicitur
608 894 616 915 ς
632 883 681 912 sed
706 884 767 912 haec
790 883 886 912 sedata
906 882 1052 921 pensanda
1073 890 1187 917 mente,

186 923 281 961 iisque
305 931 472 962 temporum
496 922 675 956 momentis,
704 923 813 961 quibus
836 923 950 952 animus
972 923 989 950 a
1012 921 1187 961 pastionibus

187 964 263 993 liber
277 986 285 998 ,
307 971 394 1000 atque
417 964 452 992 ab
480 962 560 992 omni
589 969 712 992 externo
741 962 857 1000 objecto
885 970 1037 995 remotus,
1060 960 1190 990 securius

188 1011 224 1033 ac
247 1002 351 1032 reeiius
371 1001 466 1041 potest
487 1002 668 1037 deliberare,
686 1002 834 1041 magisque
856 1001 985 1040 tangitur
1002 1001 1089 1030 rebus
1104 1008 1191 1030 aeter-

187 1042 255 1077 nis,
277 1043 364 1080 quam
386 1040 507 1071 caducis
532 1050 565 1070 ac
591 1042 742 1080 perituris.

228 1084 460 1118 (Adlzibendum
480 1083 662 1120 confilium.)
696 1091 715 1118 4
736 1082 756 1101 0
791 1080 925 1110 Tandem
957 1088 1102 1109 memores
1135 1077 1193 1108 fitis

188 1129 308 1159 oportet
329 1120 409 1151 illius
432 1121 514 1159 quod
538 1120 610 1150 dicit
628 1120 782 1160 Scriptura
797 1120 894 1150 Eccli.
912 1128 966 1158 cap
997 1127 1034 1157 3²
1068 1121 1192 1156 Filifine

187 1163 298 1199 consilio
331 1163 404 1189 nihil
432 1163 552 1197 filcias,
589 1162 615 1188 cr
635 1164 693 1199 post
721 1162 832 1196 fastum
863 1172 918 1188 nort
945 1161 1100 1196 poenitebis
1110 1178 1192 1187 .....

189 1201 306 1238 (licei.
326 1204 400 1238 32.)
424 1200 543 1229 Videtis
569 1199 605 1228 de
626 1209 657 1230 re
678 1200 726 1237 agi
751 1199 868 1230 maximi
892 1197 1057 1232 momenti,
1079 1197 1109 1226 in
1135 1206 1193 1235 qua

191 1239 373 1278 experientia
396 1240 425 1269 δι
454 1238 611 1279 prudentia
634 1248 710 1279 opus
741 1239 796 1273 lit;
823 1239 929 1268 scimus
953 1246 1050 1267 autem
1070 1245 1194 1271 omnes,

190 1286 343 1317 quotquot
366 1279 488 1313 sumus,
520 1280 607 1317 quam
634 1279 709 1317 saepe
733 1274 764 1308 in
785 1277 915 1318 propriis
941 1280 1029 1307 rebus
1055 1276 1196 1306 caecmia-

193 1327 278 1353 mm,
297 1318 326 1348 &
350 1320 436 1357 quam
456 1319 531 1357 stupe
553 1317 687 1357 privatus
708 1327 790 1348 amor
810 1319 952 1357 depravet
974 1326 1028 1346 cor
1046 1315 1194 1350 hominis,

190 1367 226 1387 ac
248 1358 338 1387 variis
359 1358 456 1388 modis
475 1358 526 1397 ipli
546 1358 662 1388 illudat.
700 1357 795 1395 Igitur
809 1359 893 1396 juxta
916 1356 1080 1394 Scriptura:
1098 1355 1197 1384 moni-

192 1403 255 1427 tum
283 1409 315 1426 ne
337 1401 471 1427 innitaris
494 1401 650 1436 prudentiae
675 1408 728 1426 κιαι
743 1418 749 1425 .
763 1418 771 1427 .
786 1419 814 1427 ..
841 1398 960 1434 (prov,
987 1398 1042 1434 3.)
1068 1395 1116 1424 sed
1138 1405 1197 1423 cum

186 1439 364 1474 fizpientibus
397 1440 423 1466 C«
450 1439 634 1476 prudentibus
666 1440 773 1466 trat‘i'a.
788 1460 793 1464 .
809 1456 817 1464 .
842 1435 964 1473 (Eecli
994 1437 1051 1472 9.)
1076 1434 1199 1465 Scilicet

194 1475 309 1506 Divina
328 1476 524 1506 Providentia
544 1476 735 1506 constitutum
760 1475 859 1506 voluit
883 1476 962 1504 hunc
989 1474 1122 1503 ordinem
1136 1496 1146 1509 ‚
1168 1480 1201 1502 ut

164 1514 180 1527 ⁰
196 1516 290 1546 homo
305 1515 452 1546 hominem
467 1515 586 1546 instruat
604 1526 611 1548 ς
625 1523 657 1544 ut
673 1525 750 1544 unus
764 1515 847 1549 alteri
862 1516 1002 1544 ducatum
1019 1513 1144 1549 prael'tet.

196 1554 329 1585 Christus
350 1555 410 1595 ipse
436 1556 556 1586 Saulum
582 1564 635 1594 per
657 1554 694 1585 Se
722 1554 863 1585 instruere
906 1560 1025 1585 oterat;
1050 1552 1080 1581 δι
1103 1559 1200 1581 tamen

195 1594 270 1624 milit
291 1594 374 1624 illurn
398 1597 433 1624 ad
460 1594 630 1628 Ananiam,
652 1602 686 1624 ut
708 1595 744 1623 ab
768 1603 804 1623 eo
827 1594 888 1623 inte
901 1593 1003 1630 ligeret
1026 1595 1096 1629 quid
1112 1594 1200 1630 ipsum

192 1636 289 1671 facere
309 1645 460 1672 oporteret:
483 1635 581 1671 (Aet.
600 1637 657 1672 9.)
678 1640 765 1671 atque
786 1634 844 1663 hoc
868 1633 1003 1670 exemplo
1024 1640 1125 1661 omnes
1144 1639 1199 1659 nos

197 1675 308 1703 docere
335 1674 434 1703 voluit
449 1696 457 1708 ,
479 1674 516 1703 Se
532 1695 542 1709 ‚
567 1673 718 1713 postquam
741 1672 922 1712 praesentiam
950 1672 1029 1701 suam
1054 1679 1200 1709 corpora·

196 1713 255 1743 lem
281 1713 444 1747 subtraxit,
468 1715 551 1743 viros
576 1714 735 1752 prudentes
755 1722 790 1742 ac
814 1713 926 1743 sanctos
945 1712 1015 1740 loco
1037 1710 1100 1739 Suo
1125 1718 1201 1738 con-

201 1751 342 1786 ssituiss'e,
368 1761 401 1782 ut
421 1754 456 1782 ab
485 1753 522 1782 iis
547 1752 680 1783 homines
711 1752 829 1781 conlilia
851 1761 884 1780 ac
919 1751 1103 1780 voluntatem
1130 1748 1202 1787 Ejus

171 1824 177 1830 ,
204 1792 382 1829 exquir-‘mt-
416 1815 419 1818 »
445 1793 572 1829 Itaque,
598 1791 799 1825 Dilectillimi,
826 1790 857 1820 in
882 1789 1064 1819 V-ocationis
1092 1788 1203 1817 Vestrae

201 1831 356 1861 conlilium
383 1832 520 1861 adhibete
544 1832 718 1870 prudentem
743 1830 904 1859 animarum
929 1827 1103 1857 directorem
1118 1848 1127 1862 ‚
1152 1835 1203 1856 aut

202 1871 302 1910 virum
327 1870 477 1911 aliquem,
495 1871 547 1910 qui
572 1871 679 1900 fiducia
703 1869 796 1899 vestra
822 1869 926 1907 dignus
951 1868 1003 1896 lit:
1029 1866 1071 1896 illi
1093 1867 1203 1899 sincere

202 1909 344 1948 exponite
359 1910 528 1941 affectiones
541 1910 628 1941 animi
641 1921 648 1942 ;
665 1918 765 1939 coram
786 1909 838 1939 illo
853 1907 973 1947 pandite
994 1906 1092 1936 cordis
1105 1906 1202 1938 Vestri

201 1958 329 1979 arcana:
351 1949 411 1989 ipse
435 1950 578 1980 discernet
598 1958 635 1979 an
656 1949 774 1989 spiritus
795 1949 897 1978 Vester
919 1957 954 1977 ex
974 1946 1042 1977 Deo
1062 1946 1093 1976 lit
1116 1958 1126 1980 ‚·
1152 1945 1202 1974 ille

203 1989 477 2027 media-suggeret,
500 1989 608 2027 quibus
636 1988 826 2021 vocationem
852 1987 984 2016 Vestram
1010 1988 1122 2015 firmare
1149 1993 1203 2015 va-

203 2029 288 2058 leatis
304 2040 312 2062 ς
334 2029 383 2058 ille
405 2028 495 2058 dubia
514 2028 615 2058 Vestra
634 2028 783 2062 resolvet,
803 2037 836 2056 ac
862 2028 944 2056 Luce
961 2025 1067 2054 coelesti
1089 2024 1203 2053 animos

207 2068 328 2098 vestros
352 2068 558 2099 recreabit...
586 2068 675 2113 Quod
701 2068 719 2097 ss
744 2076 846 2097 omnes
871 2067 928 2095 hoc
950 2065 1079 2094 facerent
1096 2084 1107 2098 ,
1131 2073 1204 2102 pro-

204 2106 282 2136 fecto
314 2117 374 2137 non
405 2117 464 2140 tam
490 2108 574 2140 multi
595 2110 714 2141 rorent,
735 2106 787 2145 qui
818 2114 943 2135 aetcrnos
969 2105 1004 2133 de
1033 2103 1205 2135 Vocatione

206 2146 258 2176 sua
278 2156 402 2184 angores
426 2157 459 2180 ac
483 2147 633 2176 cruciatus
656 2147 818 2185 patiuntur.

256 2186 299 2215 Ut
320 2188 408 2224 igitur
424 2188 482 2224 jam
507 2186 584 2216 dicta
608 2185 789 2216 Vocationis
814 2183 935 2216 Divina:
957 2183 1031 2221 signa
1054 2180 1206 2213 summarie

208 2234 336 2264 repetam
421 2226 494 2255 Vita
511 2225 606 2255 sanet&
628 2225 804 2256 instituenda
824 2224 861 2254 est
882 2234 889 2256 ι
919 2225 1049 2253 orandus
1069 2221 1208 2258 frequen--

209 2273 256 2294 tcr
271 2265 351 2294 Dcus
369 2275 377 2299 ς
402 2264 610 2300 examinandus
629 2265 714 2294 status
735 2264 844 2298 animi,
867 2262 896 2293 δε
915 2264 1043 2305 prudens
1066 2261 1209 2293 adhiben-

212 2306 283 2333 dum
310 2306 460 2334 confilium
537 2327 544 2333 .
566 2305 597 2333 Si
619 2314 712 2344 porro
736 2303 781 2333 his
806 2303 910 2333 mediis
935 2303 998 2337 uli,
1020 2310 1119 2331 coram
1142 2299 1209 2328 Deo

209 2344 342 2383 judicare
363 2345 490 2384 pollitis,
512 2345 584 2374 nihil
607 2345 659 2374 else
680 2343 761 2382 quod
782 2343 849 2373 Vos
870 2344 905 2371 ab
926 2341 1023 2371 Altnri
1040 2346 1210 2373 removeat,

215 2392 321 2420 magno
347 2383 444 2420 animo
471 2386 605 2424 pergite,
629 2384 744 2413 habetis
787 2383 850 2412 uod
877 2381 976 2411 Vobis
996 2379 1208 2422 gratulemini:

216 2423 280 2452 hzue
303 2422 379 2451 enim
403 2424 476 2459 ligna
503 2424 625 2457 totidem
650 2423 748 2453 Stellae
771 2427 857 2456 lunt,
877 2429 944 2459 quae
970 2421 1068 2450 Vobis
1088 2421 1124 2448 ad
1147 2419 1210 2448 Mi-

218 2461 365 2492 nisterium
386 2461 506 2491 Sacrum
530 2463 586 2492 iter
612 2462 773 2492 ostendunt,

257 2503 432 2536 (Vocarium
451 2505 537 2538 semel
560 2507 670 2541 cognita
692 2502 938 2539 respondendum.)
962 2499 1019 2529 SCd
1043 2505 1148 2536 parum
1172 2496 1212 2526 est

219 2538 339 2573 Stellam
364 2541 486 2574 videre,
506 2541 555 2570 uili
578 2543 695 2576 Stellam
720 2540 904 2579 sequamini;
931 2540 988 2568 hoc
1019 2539 1076 2567 est:
1104 2547 1207 2575 parurn

220 2578 260 2610 est
279 2580 478 2609 Vocationcm
503 2580 642 2610 Divinam
662 2582 842 2618 cognoscere
858 2603 866 2614 ,
887 2579 936 2608 nili
955 2578 1007 2616 ipsi
1031 2577 1208 2616 correspon-

220 2619 289 2649 dere
309 2620 439 2658 satagatis
451 2640 461 2655 ‚
478 2629 650 2659 omnemque
669 2620 806 2651 adhibere
824 2626 963 2651 conatum
977 2638 987 2653 ‚
1002 2625 1035 2648 ut
1052 2617 1208 2659 perfectam

1250 165 1452 197 Vocationem
1482 167 1613 199 Vestram
1647 165 1762 199 faciatis
1780 188 1790 205 ‚
1824 167 1970 209 finemque
2000 170 2221 209 consequamini
2250 191 2265 209 ,

1230 214 1338 244 ‘quem
1363 206 1392 236 in
1415 207 1468 237 hac
1491 207 1575 239 Deus
1599 208 1663 239 Sibi
1687 209 1863 247 praestituit.
1877 231 1886 239 .
1900 232 1928 239 ..
1955 209 2092 241 Herodes
2115 211 2131 239 a
2155 211 2255 248 Magis

1251 245 1529 314 pultlivitffilsstellam
1544 256 1639 278 ortam
1661 248 1739 284 else‚·
1763 248 1792 278 &
1813 248 1886 280 nihil
1907 250 1969 279 haec
1990 250 2096 279 notitia
2110 249 2160 289 ipli
2180 259 2258 280 con-

1266 294 1307 314 ut
1334 305 1344 319 ‚
1384 295 1414 314 ιι

1252 325 1313 353 iuo-
1337 324 1476 361 (Matth.
1500 327 1552 362 2.)

1293 362 1405 393 Scriba:
1427 365 1462 409 δι’
1477 364 1654 409 Legisperiti
1681 367 1718 397 de
1739 367 1829 398 Stella
1851 366 2067 407 inquisiverunt
2093 377 2102 401 ς
2122 365 2257 406 quinimo

1255 402 1292 431 de
1311 404 1383 432 loco
1404 404 1568 449 nativitatis
1580 406 1685 436 Christi
1706 407 1903 438 instruxerunt
1917 409 2049 446 Magos,
2073 407 2121 437 sed
2145 406 2258 446 ipfimet

1254 442 1353 479 segnes
1374 442 1518 474 haelcrunt
1531 455 1538 477 ς
1553 455 1614 475 non
1636 446 1662 474 se
1683 447 1873 477 accinxerunt
1895 448 1978 486 operi
1995 458 2003 480 ;
2024 446 2145 477 Stellam
2164 445 2258 476 secuti

1255 490 1316 525 non
1336 482 1424 525 sunt3
1445 483 1476 513 δε
1496 484 1532 513 lic
1555 485 1660 515 notitia
1680 486 1730 515 illa
1754 486 1836 524 Signi
1855 487 1963 517 Divini
1988 487 2019 516 in
2039 486 2152 517 sumum
2177 485 2259 524 apud

1255 522 1335 564 tplos
1366 522 1480 567 abrit..
1549 523 1681 555 Econtra
1706 528 1870 564 exemplum
1899 526 2058 564 Magorum
2085 525 2254 556 attendite:

1256 561 1304 589 1111
1325 560 1427 590 sedulo
1451 563 1515 591 emh
1533 562 1639 593 faciem
1663 564 1784 595 fuerunt
1808 565 2023 609 contemplati,
2052 565 2082 596 δ’.
2113 573 2183 594 mox
2204 563 2260 594 ubi

1255 599 1374 643 Stellam
1395 601 1588 645 observarunt
1601 623 1610 638 ‚
1630 603 1718 633 statim
1745 604 1801 634 iter
1820 610 1933 643 aggredi
1955 605 2043 638 sunt;
2067 613 2122 635 nee
2142 602 2236 641 frigus
2250 623 2262 638 .

1258 647 1311 668 nec
1336 647 1394 684 yiae
1416 641 1620 677 difficultates,
1638 652 1693 672 nec
1717 652 1811 674 metus
1830 644 1961 675 Herodis
1983 644 2063 683 ipsos
2084 642 2255 673 continuit:

1254 678 1304 722 sed
1327 678 1642 723 Stellam-sequentes,
1663 682 1692 712 &
1723 683 1935 723 Jerosolymam
1969 683 2088 713 deducti
2103 706 2111 718 ,
2133 681 2256 722 publice

1253 718 1364 764 ibidem
1387 719 1501 763 protelij
1525 720 1590 749 sunt
1614 730 1701 758 quem
1721 731 1909 760 qutererent;
1936 732 1989 753 nec
2011 724 2027 752 a
2047 731 2145 761 coepto
2171 721 2258 751 desti-

1256 763 1344 800 tere,
1367 760 1464 787 donec
1487 759 1581 802 ipsum
1605 759 1784 791 Infantulum
1804 761 1902 793 Jesum
1924 761 2093 792 invenerint
2123 762 2153 791 &
2181 769 2257 800 pro-

1257 797 1389 826 cidentes
1411 797 1491 826 Eum
1519 799 1721 829 adoraverint.
1848 801 1851 802 ⁷
2117 827 2121 829 Α

1295 836 1345 865 Sic
1370 836 1482 866 scilicet
1508 838 1544 866 ad
1570 838 1727 869 terminum
1751 840 1836 870 suum
1857 846 2056 880 pervenerunt
2079 838 2163 876 Magi
2185 848 2194 871 ς
2219 837 2258 868 fic

1258 873 1289 905 δι
1308 875 1374 905 Vos
1395 884 1456 906 non
1479 877 1594 906 debetis
1618 878 1746 909 desistere
1771 887 1821 909 aut
1847 880 1914 909 ullis
1937 880 2092 909 laboribus
2111 886 2233 918 parcere
2248 896 2262 911 ,-

1257 915 1355 944 donec
1378 915 1536 954 perl'eeiam
1565 916 1693 947 sect-ritis
1719 918 1922 949 Vocationem
1948 918 2093 952 vestram,
2117 918 2147 947 &
2171 925 2265 955 opere

1257 955 1481 999 compleveritis
1503 955 1601 990 illud,
1620 959 1702 995 quod
1722 968 1773 998 per
1795 959 1914 989 Stellam
1936 958 2017 988 Deus
2036 959 2051 986 a
2074 956 2174 987 Vobis
2197 955 2267 985 exi·

1257 1002 1300 1038 th
1315 1014 1324 1028 2
1348 1003 1384 1023 sse
1407 995 1570 1038 allhsssjus
1598 996 1731 1028 Vocatio
1756 998 1854 1028 Vobis
1879 998 2040 1036 aliquando
2061 996 2093 1025 fit
2113 996 2142 1026 in
2161 997 2266 1025 turba-

1260 1041 1372 1063 tionem
1395 1034 1604 1069 conscientiae,
1623 1036 1695 1065 ficut
1719 1037 1836 1067 Herodi
1856 1037 1935 1071 fuit,·
1961 1038 2010 1066 vel
2031 1044 2067 1066 ne
2084 1034 2162 1065 forte
2182 1043 2267 1065 vano

1259 1074 1362 1103 labore
1377 1073 1484 1117 ‚lstcut
1509 1074 1646 1104 fecerunt
1671 1076 1784 1107 Scribae
1812 1077 1842 1106 δε
1868 1076 2067 1117 Legisperiti,
2090 1074 2156 1104 aliis
2183 1074 2264 1104 viam

1261 1113 1419 1158 ostendatis
1441 1123 1451 1145 ,-
1476 1113 1527 1152 ipfi
1553 1122 1650 1144 autem
1671 1117 1707 1145 ad
1731 1123 1865 1155 optatum
1887 1123 2043 1147 terminum
2067 1124 2130 1145 non
2155 1122 2266 1153 perve-

1262 1160 1359 1183 matis.

1301 1194 1391 1229 (Ideo
1410 1194 1581 1221 imbibenda:
1592 1196 1711 1231 spiritus
1724 1198 1863 1224 vocationi
1885 1197 2013 1232 cujustue
2023 1197 2165 1231 proprius.
2178 1194 2194 1227 )
2213 1182 2265 1221 Ad

1261 1231 1321 1261 hoc
1345 1239 1462 1267 autem,
1486 1232 1663 1263 Dileffissimi
1676 1253 1686 1268 ‚
1702 1243 1778 1273 opus
1797 1234 1856 1270 est,
1877 1234 1952 1274 saepe
1969 1233 2133 1263 Vobiscum
2164 1238 2264 1269 mente

1263 1272 1421 1301 revolvere
1448 1273 1613 1312 przecipuas
1635 1273 1724 1302 animi
1746 1275 1850 1308 dotes,
1875 1284 1947 1311 quas
1969 1274 1985 1302 a
2007 1271 2106 1302 Vobis
2129 1269 2266 1301 Ministe-

1266 1311 1342 1340 rium
1361 1310 1483 1340 Sacrum
1504 1311 1594 1350 exigit
1611 1322 1618 1344 z
1640 1321 1716 1352 opus
1737 1314 1774 1343 est
1796 1314 1854 1343 alte
1875 1313 2018 1344 imbibere
2033 1311 2166 1350 spiritum
2182 1310 2267 1340 illum

1267 1351 1319 1389 qui
1348 1350 1378 1380 in
1402 1350 1481 1380 hunc
1507 1352 1590 1381 finem
1614 1352 1630 1381 ‘a
1657 1351 1744 1381 vobis
1775 1353 1927 1383 sectandus
1954 1351 2015 1388 est,
2050 1350 2080 1380 ὅτ
2105 1351 2190 1389 cujus
2216 1350 2267 1380 hie

1266 1391 1428 1420 caracteres
1454 1388 1761 1429 primarios'breviter
1783 1401 1960 1433 proponam.
2246 1421 2249 1423 ,

1306 1433 1320 1466 (
1342 1433 1411 1467 Quis
1437 1433 1483 1458 lu'c
1506 1432 1545 1469 fit
1571 1432 1685 1461 relative*
1712 1435 1753 1459 ad
1771 1433 1996 1471 Ministerium.)
2025 1427 2123 1459 Ρῐὶπὶὸ
2148 1427 2269 1465 quidem

1266 1468 1386 1507 spiritus
1408 1468 1565 1500 Ministerii
1584 1469 1666 1499 Sacri
1688 1469 1820 1510 separare
1840 1479 1894 1500 nos
1914 1471 2002 1499 debet
2023 1469 2058 1498 ab
2077 1468 2160 1497 omni
2186 1467 2270 1504 quod

1268 1508 1452 1539 immundum
1477 1507 1516 1537 est
1538 1517 1571 1537 ac
1599 1508 1766 1548 profanum.
1803 1509 1909 1538 Omnia
1933 1509 1963 1538 in
1987 1506 2147 1537 Sacerdote
2171 1506 2268 1536 l'anela

1269 1548 1324 1577 else
1349 1547 1455 1577 debent
1479 1559 1486 1576 :
1513 1547 1585 1576 illud
1612 1548 1716 1582 Petri,
1736 1551 1763 1587 fi
1784 1554 1848 1587 quis
1867 1550 2013 1586 loquitur,
2038 1548 2114 1585 quafi
2130 1548 2270 1584 sermones

1271 1591 1351 1620 Dei,
1376 1590 1391 1624 (
1412 1595 1436 1615 1·
1455 1587 1519 1616 Pet.
1540 1590 1598 1623 4.)
1619 1587 1650 1617 in
1670 1588 1735 1626 ipso
1758 1589 1861 1620 locum
1890 1588 1995 1617 habeat
2019 1585 2129 1616 necell'e
2153 1584 2211 1619 est,
2238 1585 2269 1615 &

1266 1628 1368 1664 lingua
1388 1626 1449 1664 ejus
1466 1627 1501 1656 ab
1526 1626 1607 1656 omni
1623 1627 1751 1665 profano
1774 1627 1906 1658 sermone
1923 1626 2013 1664 longe
2035 1627 2121 1656 debet
2144 1624 2201 1655 effe
2221 1633 2270 1653 re-

1269 1675 1373 1697 mota.-
1393 1677 1473 1705 nugae
1496 1669 1586 1699 enim,
1600 1665 1697 1705 inquit
1711 1667 1894 1702 Bernartius,
1916 1670 1945 1695 ιἰι
1967 1678 2011 1695 ore
2032 1668 2175 1702 saecularis
2189 1675 2271 1703 nugae

1261 1710 1330 1743 sunt
1344 1725 1354 1740 5
1372 1709 1402 1734 in
1430 1717 1474 1737 ore
1493 1708 1649 1734 Sacerdotis
1671 1709 1855 1744 blasphemia.
1894 1706 2004 1736 Manus
2031 1707 2092 1743 ejus
2106 1723 2117 1738 ‚
2136 1704 2172 1733 ad
2194 1704 2270 1733 olfe-

1269 1745 1392 1775 rendum
1412 1744 1596 1777 Sacrificium
1614 1745 1761 1776 destinatae
1775 1766 1785 1781 2
1806 1744 1924 1775 mundae
1944 1745 1995 1774 lint
2014 1752 2134 1783 oportet
2147 1763 2157 1778 ‚
2181 1742 2210 1775 &
2231 1744 2268 1772 ab

1271 1784 1352 1814 omni
1371 1783 1593 1822 inquinamento
1611 1785 1736 1816 alienae:
1760 1786 1843 1815 oculi
1874 1787 1937 1823 ejus
1969 1793 2030 1814 non
2055 1784 2107 1812 nili
2127 1782 2156 1813 in
2178 1782 2271 1811 Tern-

1270 1826 1318 1864 pla
1332 1845 1343 1859 ‚
1365 1825 1479 1854 Altaria
1492 1844 1503 1859 ‚
1524 1825 1556 1853 Μ
1583 1822 1665 1855 steria
1686 1825 1774 1855 Sacra
1795 1825 1901 1855 intenti
1920 1824 1990 1858 fint‚
2011 1824 2029 1853 li
2050 1823 2122 1852 velit
2141 1821 2172 1852 in
2193 1821 2271 1851 inte-

1271 1864 1352 1894 riora
1381 1863 1581 1894 Tabernacui
1605 1864 1750 1902 'respicere
1773 1863 1803 1893 δε
1829 1865 1927 1894 Deum
1950 1862 2108 1901 Majestatis
2127 1859 2236 1890 intueri
2262 1872 2272 1890 :

1271 1905 1367 1935 verbo
1379 1923 1389 1937 ‚
1408 1903 1553 1936 Sacerdos
1570 1903 1656 1934 debet
1672 1903 1725 1933 else
1748 1904 1944 1944 speeiaculum
1963 1902 2114 1941 quoddam
2135 1900 2273 1937 Religio-

1271 1944 1339 1978 nis,
1370 1943 1400 1974 iu
1424 1952 1486 1980 quo
1511 1944 1641 1974 reluceat
1665 1952 1781 1975 morum
1806 1943 1965 1977 decentia,
1991 1941 2141 1979 gravitas,
2163 1939 2269 1982 sancii-

1272 1991 1315 2013 tas
1333 1994 1342 2016 ς
1360 1983 1400 2012 ita
1418 1983 1537 2020 quidem
1549 2002 1559 2016 ‚
1574 1990 1608 2011 ut
1624 1990 1671 2011 eas
1692 1983 1817 2012 virtutes
1836 1981 1957 2021 reliquis
1974 1982 2037 2011 solo
2057 1981 2167 2011 obtutu
2179 1978 2273 2017 inspi-

1273 2032 1327 2054 ret.
1366 2022 1502 2052 Huncin
1524 2023 1607 2051 finem
1629 2021 1757 2051 Ecclefia
1778 2021 1940 2051 Seminaria
1960 2020 2103 2054 instituit,
2123 2025 2272 2057 tamquam

1271 2066 1340 2098 loca
1367 2063 1500 2100 quaedam
1525 2060 1636 2096 Sacra,
1658 2061 1710 2093 ubi
1736 2062 1752 2093 a
1773 2059 1928 2091 mundanis
1951 2060 2091 2091 omnibus
2114 2058 2238 2096 separati
2261 2077 2274 2092 .

1273 2105 1309 2136 ad
1330 2101 1524 2131 Ministerium
1548 2107 1684 2141 aptentur
1702 2100 1833 2132 Clerici:
1851 2100 1921 2130 ideo
1942 2100 2009 2129 estis
2029 2099 2060 2129 in
2083 2099 2138 2127 hae
2161 2098 2275 2131 domo.

1273 2151 1305 2173 ut
1339 2140 1459 2180 spiritus
1493 2140 1541 2169 ille
1576 2141 1606 2169 in
1632 2140 1730 2169 Vobis
1762 2141 1979 2170 firmetur....
2008 2138 2144 2175 Cogitate
2163 2156 2173 2171 2
2204 2136 2273 2165 vasa

1274 2181 1444 2213 consecrata
1464 2179 1599 2209 Domino
1624 2179 1679 2208 line
1699 2179 1851 2217 sacrilegio
1872 2187 1932 2209 non
1950 2176 2123 2219 profanari,
2139 2175 2169 2205 &
2192 2175 2273 2205 noli-

1275 2230 1304 2252 te
1320 2240 1329 2255 ‚
1349 2229 1416 2251 cum
1439 2219 1577 2250 Israelitis
1599 2218 1740 2258 suspirare
1763 2219 1799 2247 ad
1818 2221 1889 2247 ollas
1912 2223 2036 2247 carnium
2057 2220 2073 2253 <
2087 2215 2186 2245 Exod.
2202 2214 2275 2251 16.)

1276 2260 1427 2298 AEgypti,
1453 2261 1521 2289 dum
1552 2258 1690 2289 Coeleltis-
1707 2258 1804 2287 Vobis
1833 2258 1958 2287 offertur
1987 2257 2079 2287 Cibus
2095 2275 2154 2285 ....
2188 2254 2276 2298 Quo-

1277 2302 1368 2330 modo
1406 2306 1502 2329 autem
1537 2298 1600 2327 haec
1636 2298 1752 2326 servant
1784 2297 1828 2326 illi
1842 2317 1853 2331 2
1888 2296 1938 2335 qui
1965 2294 2155 2327 saecularibus
2186 2301 2274 2330 nugis

1277 2339 1415 2370 delectari
1440 2345 1596 2375 quaerunt,
1626 2336 1656 2366 ὅ(
1679 2336 1811 2374 spiritum
1834 2337 1916 2367 illum
1942 2334 2109 2367 solitudinis
2134 2332 2165 2364 δι
2192 2333 2277 2375 sepa-

1278 2378 1401 2412 rationis
1423 2377 1452 2406 in
1478 2378 1506 2406 se
1526 2386 1560 2406 ac
1584 2376 1614 2406 in
1637 2376 1701 2405 aliis
1725 2376 1899 2413 extinguunt
1913 2377 1927 2402 ?

1321 2427 1335 2447 2
1356 2419 1376 2440 0
1397 2417 1524 2455 Spiritus
1548 2415 1704 2449 Ministerii
1727 2415 1815 2446 nostri
1843 2415 1881 2447 est
1911 2414 2037 2454 Spiritus
2063 2412 2208 2445 orationis
2242 2433 2252 2442 .
2266 2433 2277 2442 .

1278 2457 1352 2489 Haec
1380 2464 1584 2487 ornamentum
1611 2455 1649 2484 est
1674 2454 1865 2486 Sacerdotii;
1894 2455 1956 2483 haec
1984 2455 2115 2484 omnium
2140 2452 2273 2483 functio-

1279 2508 1348 2529 num
1363 2497 1522 2527 nostrarum
1537 2495 1630 2524 anima
1651 2495 1680 2523 lit
1698 2502 1824 2533 oportet,
1839 2494 1943 2524 Oratio
1958 2494 2105 2524 consolari
2119 2501 2173 2523 nos
2187 2494 2274 2522 debet

1277 2539 1308 2568 in
1326 2537 1476 2567 laboribus
1489 2556 1497 2570 ‚
1518 2536 1616 2565 firmos
1639 2535 1761 2563 reddere
1779 2533 1808 2562 in
1831 2535 1957 2563 advertis
1971 2554 1979 2568 ,
1993 2534 2122 2563 animum
2145 2533 2272 2570 adjicere

1278 2578 1308 2608 in
1330 2576 1554 2606 difficifioribus.
1583 2573 1651 2603 Sine
1675 2573 1810 2603 oratione
1829 2573 1976 2604 Sacerdos
1994 2573 2133 2604 seminare
2154 2572 2272 2609 quidem

1277 2616 1372 2656 potest
1384 2615 1546 2646 dotti-inam
1559 2613 1727 2650 Evangelii;
1742 2613 1790 2642 sed
1806 2615 1884 2643 Deus
1899 2623 1959 2644 non
1974 2616 2050 2645 dabit
2062 2620 2252 2644 incrementum
2265 2621 2275 2643 ε

1443 285 1525 325 quod
1547 290 1676 317 turbatus
1697 287 1811 324 fucrit,
1835 291 1862 318 Cr
1891 294 1981 319 omnis
2003 292 2175 329 lerosolyma
2195 300 2257 319 cum
2296 300 2302 305 ’

2402 2967 2407 2990 2*
2400 2790 2414 2957 x-rvmza-u‘
2401 2469 2414 2782 :xm-Q
2404 2409 2414 2483 *a*
2413 2374 2414 2377 „
