2414 3105
780 104 792 125 ‘x

482 204 664 265 quarta
713 190 768 244 in
820 187 1109 246 Dominica
1143 180 1320 266 prima
1374 184 1808 273 Quadragefimae.

109 287 112 291 ⁴
125 281 237 324 Spiritu
256 284 363 316 San&0
376 286 389 323 )
408 286 423 321 [
435 283 530 314 Eccli.
555 293 589 313 10
611 286 626 320 ]
648 284 734 311 Nihil
746 285 779 321 est
791 285 916 319 iniquius
930 285 1013 319 quiim
1025 292 1118 310 amare

120 330 268 362 pecuniam
284 338 291 354 .-
305 329 348 354 hic
370 329 443 353 enim
465 326 491 351 Cr
512 327 635 351 animam
654 325 733 359 suam
752 324 873 349 renulem
896 325 984 349 habet.

172 364 231 393 Ubi
250 360 342 402 vporro
361 364 389 392 in
407 362 505 391 levius
519 362 639 399 aliquod
653 363 761 389 crimen
774 360 869 398 lapsus
883 360 970 389 fuerit
983 368 1096 398 pauper
1108 378 1120 393 ,

128 404 177 432 cui
196 403 312 432 forlitan
328 401 439 431 miseria
452 401 515 437 ejus
531 401 559 430 δι
575 399 699 429 Pastoris
712 400 835 428 avaritia
848 400 1028 429 occaflonem
1040 407 1117 436 prae-

125 442 277 476 buerunt,
298 442 375 470 hunc
393 439 449 469 fine
464 439 660 469 misericordia
674 438 843 475 redarguit,
865 438 958 475 rejicit
971 445 1117 474 tamquam

127 479 301 517 indignum,
322 486 455 509 removet
476 479 512 515 ab
535 481 641 508 obtutu
665 478 718 507 suo
736 498 745 512 ,
778 477 807 506 δέ
828 478 862 506 ad
888 477 1118 515 desperationem

125 519 260 556 impellit.
293 519 412 548 Nomen
433 527 595 555 pauperum
611 538 620 552 ‚
635 518 715 554 quod
741 516 863 554 (Psalnr
880 519 948 554 7¹.)
964 517 1119 544 honorabile

128 557 167 586 est
187 570 275 586 coram
296 557 363 586 Deo
377 579 387 591 ,
409 557 481 586 odio
504 558 591 586 habet
605 569 611 586 2
627 557 700 585 nihil
721 556 786 593 iplis
810 555 1006 584 instruffionis
1021 575 1030 588 ,
1044 554 1118 583 nihil

127 596 244 630 solatii,
263 597 335 625 nihil
356 596 524 634 temporalis
545 595 659 624 subfidii
682 596 788 623 debere
802 594 829 623 se
843 601 979 632 reputat;
1003 593 1034 622 &
1049 594 1118 621 dum

128 643 217 663 verus
238 635 335 664 Pastor
350 656 359 670 ,
381 635 486 664 Christi
511 636 632 672 sequens
655 634 772 670 vestigia
787 655 797 668 ,
817 633 993 671 pauperibus
1018 633 1120 661 Evan-

126 675 232 710 gelizat
244 694 253 708 ‚
270 675 389 704 illorum
412 674 588 703 calamitates
610 682 664 712 pro
684 673 762 711 polse
783 673 835 701 suo
858 672 964 700 avertit
977 692 986 706 ,
1002 671 1030 700 δε
1045 679 1121 700 tem-

126 714 259 750 poralem
283 714 495 752 eleemosynam
517 722 582 742 cum
609 711 751 751 spirituali
781 711 987 748 conjungens,
1013 711 1120 739 animas

128 759 232 780 eorum
256 761 321 781 cuni
345 754 458 782 Lazaro
486 752 598 790 portari
623 754 729 788 curat(
753 752 825 786 Luc.
850 750 923 784 16.)
945 753 980 778 ab
1000 752 1123 789 Angelis

128 793 159 819 in
171 793 265 827 finum
283 795 405 820 Abraliae
418 812 426 825 ,
448 792 574 821 crudelis
593 800 698 819 avarus
727 790 821 819 noster
844 798 891 818 eas
907 789 1046 819 §eternum
1069 798 1122 818 oc-

129 829 202 858 cidit
219 840 227 861 .’,
249 840 310 859 non
332 831 481 860 homicida
503 830 615 860 tantum
634 830 728 858 faetus
748 849 756 860 ,
776 829 823 857 sed
852 828 881 856 ἂ
907 828 954 857 fur
971 829 1001 858 δε
1020 829 1119 860 latro;

129 869 269 905 quoniam
290 870 429 908 pecunias
448 869 511 898 illas
526 889 535 903 ,
559 878 628 906 quas
653 869 790 906 negavit,
813 867 841 896 in
865 868 995 905 deposito
1009 867 1120 895 tautum

128 916 282 946 acceperat
297 919 305 940 ;
331 918 390 938 non
403 909 478 938 enim
493 908 579 947 ipsius
601 908 665 937 sunt
678 928 687 941 ,
710 907 757 936 sed
772 906 983 935 Patrimonium
996 905 1100 934 Christi
1111 925 1120 940 ‚

127 946 177 975 sed
203 947 371 976 Thesaurus
386 970 394 981 ‚
417 949 452 975 ad
466 956 550 985 quem
563 948 612 984 jus
632 947 777 975 habebant
790 945 877 974 iidem
889 945 932 974 illi
949 954 1094 984 pauperes
1109 964 1118 979 ,

131 985 241 1022 quibus
266 995 313 1015 eas
335 988 493 1015 crudeliter
520 986 638 1024 eripuit.

171 1025 272 1058 Ecce,
292 1025 491 1059 Dileeiiffimi,
513 1033 581 1053 ecce
603 1025 637 1052 ad
659 1032 745 1060 quem
767 1021 884 1051 malitiae
908 1023 1030 1058 gradum
1054 1021 1118 1050 Mi-

130 1063 234 1094 nistros
256 1063 361 1093 Christi
384 1064 510 1092 deducat
526 1065 642 1091 daemon
661 1081 670 1095 ,
696 1061 846 1099 postquam
873 1061 957 1090 semel
989 1060 1118 1089 avaritiae

128 1104 207 1131 vitio
232 1102 350 1136 tentati,
375 1102 444 1131 huic
461 1103 545 1131 idolo
567 1101 727 1130 sacrificant
743 1101 772 1129 ἃ
792 1099 931 1128 serviunt.

168 1143 225 1178 (In
246 1143 330 1168 bonos
352 1143 494 1178 Ministros
507 1142 699 1168 tribulationes
715 1141 742 1167 Cr
756 1142 956 1176 perficuziones
964 1140 1090 1174 sitsi-irat.
1104 1140 1119 1173 )

128 1179 224 1213 Vita,-
244 1180 280 1207 de
305 1179 411 1216 quibus
431 1180 488 1216 jam
508 1179 641 1216 egimus,
663 1177 808 1216 praecipui
832 1177 896 1206 sunt
921 1178 1035 1215 scopuli
1053 1198 1062 1211 ,
1083 1179 1120 1205 ad

129 1227 205 1256 quos
226 1218 308 1247 multi
330 1228 364 1247 ex
391 1218 514 1248 Clericis
537 1219 689 1256 patiuntur
712 1216 917 1254 naufragium:
939 1217 1018 1254 quod
1036 1217 1054 1245 si
1074 1216 1121 1244 vi-

129 1259 196 1285 deat
222 1258 356 1293 daemon,
376 1256 476 1286 frustra
500 1256 644 1286 illecebris
664 1256 764 1284 mundi
779 1256 808 1284 &
822 1256 917 1284 carnis
931 1256 1033 1284 tentari
1058 1255 1121 1283 Mi-

126 1296 193 1325 lites
211 1295 316 1325 Christi
331 1316 340 1330 ‚
363 1296 392 1325 δε
418 1306 486 1326 cum
507 1297 619 1326 Sintiis
641 1295 870 1329 Sacerdotibus,
894 1295 944 1332 qui
966 1295 1016 1323 has
1041 1294 1121 1333 sper-

128 1342 201 1364 nunt
229 1335 258 1364 &
283 1343 495 1370 contemnunt,
519 1335 569 1365 libi
595 1344 654 1363 rem
679 1334 750 1368 else,
770 1342 840 1363 tunc
861 1335 896 1362 ad
922 1335 1000 1362 aliud
1024 1343 1122 1362 armo-

102 1403 106 1407 ,
128 1383 193 1404 rum
214 1383 305 1411 genus
326 1376 531 1409 convertitur,
551 1374 717 1403 suscitando
731 1374 871 1402 Ministris
893 1373 1031 1402 Eccleliae
1054 1382 1122 1401 cru-

129 1422 198 1447 ces,
214 1413 322 1447 taedia,
345 1414 550 1450 tribulationes
565 1433 574 1447 ,
598 1413 817 1451 persecutiones
839 1432 848 1446 ,
878 1420 910 1440 ut
931 1413 970 1440 ita
1003 1411 1122 1449 dejiciat

128 1451 260 1489 ipsorum
284 1452 410 1481 animum
424 1473 433 1487 ,
446 1455 540 1482 zelum
560 1453 728 1487 obtundat,
747 1451 825 1481 vires
846 1450 999 1488 frangat&
1020 1453 1035 1479 a
1054 1450 1123 1479 Pas-

129 1491 218 1519 torali
245 1491 446 1521 sollicitudine
471 1493 624 1521 deterreat.

170 1530 246 1568 Quia
269 1530 358 1567 porro
373 1553 381 1564 ,
403 1530 515 1569 Spiritu
539 1529 645 1559 saneto
665 1529 734 1559 teste
747 1549 756 1564 ‚
772 1530 833 1567 (II.
852 1528 993 1566 Tim.3.)
1013 1539 1126 1563 omnes,

130 1573 177 1606 qui
195 1572 245 1605 pie?
265 1572 360 1597 volunt
381 1575 467 1598 viver-2
477 1575 506 1598 in
521 1573 620 1608 christo
634 1571 698 1605 Iesu
711 1589 721 1604 ‚
736 1571 945 1606 persei-urionem
958 1573 1123 1605 patientur-3

130 1607 210 1646 Quid
236 1607 374 1636 miramur
387 1628 395 1642 ,
417 1610 435 1638 fi
458 1609 544 1638 hostis
569 1609 617 1639 ille
637 1608 784 1637 infernalis
804 1607 922 1645 speciali
938 1608 1039 1636 furore
1058 1616 1124 1645 per-

130 1647 267 1684 sequatur
289 1647 395 1676 Fortes
423 1649 529 1682 Israel,
548 1650 598 1684 qui
624 1649 697 1677 alios
719 1647 842 1676 incitant
867 1648 902 1675 ad
923 1647 1050 1680 bellum,
1075 1646 1126 1683 qui

129 1687 167 1714 ad
189 1686 330 1715 Pietatem
352 1686 451 1717 Duces
471 1688 537 1716 sunt
561 1686 746 1716 &Veritatis
771 1685 927 1722 Magistri?
941 1686 1126 1714 Persecutio—

131 1734 183 1754 nes
204 1725 266 1754 illas
300 1725 452 1763 Apostolis
478 1726 545 1755 Suis
577 1726 706 1764 promisit
732 1724 881 1759 Christus,
914 1724 944 1754 δι
970 1724 1000 1753 'in
1024 1734 1126 1754 eorum

131 1764 255 1802 persona
280 1765 414 1793 omnibus
438 1765 594 1802 Evangelii
615 1765 816 1794 Prtcconibus.
846 1764 927 1792 Ecce
955 1772 1048 1792 tantas
1071 1764 1126 1792 ali-

132 1805 253 1839 quando
288 1804 318 1831 in
346 1803 478 1833 Miffione
500 1804 549 1833 sua
576 1813 711 1842 expertus
735 1803 773 1832 est
795 1804 923 1838 Paulus,
945 1811 976 1831 ut
998 1804 1033 1831 ad
1064 1803 1126 1833 Co-

130 1841 258 1870 rinthios
278 1841 402 1872 scribat:
423 1844 491 1879 (11.
513 1844 584 1873 Cor.
611 1846 662 1878 1.)
678 1846 765 1881 supra
792 1845 899 1871 modum
931 1847 1040 1881 gravati
1072 1846 1124 1878 fic-

132 1892 194 1908 mus
209 1884 295 1918 supra
320 1885 467 1917 virtutem,
484 1886 525 1911 iti}
546 1894 576 1912 ut
588 1886 696 1911 taederet
716 1895 767 1911 nos
789 1887 872 1910 etiam
898 1887 998 1911 vivere.
1031 1882 1124 1913 PaUIO

131 1928 229 1949 autem
255 1921 308 1948 hac
329 1920 358 1949 in
375 1929 456 1958 parte
471 1922 695 1951 allimilabuntur
709 1942 718 1956 ,
730 1929 880 1959 quotquot
892 1930 975 1950 erunt
988 1930 1124 1959 umquam

129 1958 262 1988 Pastores
275 1960 310 1987 ad
325 1960 484 1989 animarum
497 1960 623 1990 Salutem
635 1962 750 1990 incensi.
775 1961 929 1998 Numquid
946 1961 1020 1990 enim
1032 1963 1126 1989 abun-

130 1999 246 2027 dantem
260 1999 340 2027 taedii
351 2019 359 2033 ,
371 2000 481 2028 laboris
492 2021 501 2033 ,
516 2000 636 2029 tristitiae
646 2020 655 2033 ,
669 2000 883 2039 persecutionis
898 2000 1043 2028 materiam
1058 2001 1126 2029 sub-

129 2037 331 2066 ministrabunt
354 2039 490 2076 quotidie
504 2039 635 2068 homines
656 2040 760 2078 impii,
774 2039 914 2069 obdurati
938 2047 1128 2076 peccatore5‚

132 2076 225 2113 tepidi
246 2076 420 2111 Christiani,
440 2077 498 2107 salli
520 2079 622 2108 fratres
635 2099 644 2112 ,
665 2080 778 2108 daemon
792 2079 914 2107 invidiae
927 2097 935 2112 ,
961 2078 1127 2115 Religionis

131 2114 226 2157 hostes
241 2135 250 2149 ,
272 2125 386 2145 necnon
404 2116 573 2148 sollicitudo
595 2119 737 2147 continua
759 2127 814 2157 pro
838 2118 946 2147 Ovium
974 2117 1024 2146 sibi
1042 2127 1126 2147 com-

134 2152 275 2182 miffarurn
297 2155 398 2184 Salute
413 2159 426 2184 i>

171 2191 229 2220 Sed
250 2192 281 2221 in
298 2194 341 2222 his
363 2195 501 2225 omnibus
531 2195 700 2234 superabitis
713 2218 722 2230 ‚
747 2195 931 2226 Deleffiffimi
943 2219 952 2232 ,
969 2195 987 2224 fi
1003 2195 1125 2227 adinstar

134 2228 219 2258 Pauli
251 2232 410 2263 exhibeatis
432 2236 638 2274 Vosmetipsos
664 2237 726 2271 (II.
748 2236 819 2265 Cor.
830 2237 854 2265 6.
870 2239 884 2272 )
898 2239 970 2273 ficut
992 2238 1048 2263 Dei
1074 2240 1127 2264 mi-

134 2272 232 2306 nistros
243 2274 272 2298 in
288 2274 372 2301 multa
379 2278 517 2310 patientia
532 2295 540 2309 ‚
554 2279 583 2303 in
598 2278 818 2303 tribulationibus
831 2297 838 2310 ,
854 2298 860 2304 .
877 2298 884 2305 .
899 2297 906 2304 .
916 2280 945 2304 itz
965 2279 1107 2314 angustiis.
1122 2298 1130 2306 .

133 2311 165 2336 17²
184 2310 342 2344 lahst'l‘buh
365 2316 394 2340 in
430 2316 558 2352 vigiliis,
571 2336 578 2343 .
590 2337 597 2344 .
640 2319 670 2343 in
704 2319 825 2353 castilate
838 2337 847 2349 ‚
876 2320 904 2344 in
924 2317 1064 2351 stimula,
1079 2337 1084 2343 .
1102 2340 1105 2343 .
1121 2337 1127 2344 .

150 2363 1159 2434 WWWWQWQW

133 2425 536 2473 EXHORTATIO
591 2435 888 2476 VIGESIMA
925 2437 1156 2489 PRIMA,

1186 286 1215 311 irz
1233 284 1375 318 suavitate
1386 301 1394 315 ,
1407 301 1415 310 .
1429 303 1435 311 .
1447 303 1454 310 .
1475 286 1504 310 itz
1527 285 1605 311 verbo
1626 288 1752 313 veritaris
1765 305 1774 320 ‚
1796 290 1825 314 in
1837 289 1934 316 virtute
1946 289 2078 326 Dei,per
2099 300 2176 319 arma

1180 324 1296 359 justiiiae
1320 324 1335 349 ἁ
1359 325 1466 350 dextris
1492 324 1518 350 C*
1537 325 1552 350 ἁ
1571 324 1695 360 sinistris.
2120 330 2127 334 “

1225 363 1239 396 (
1266 362 1385 389 ζ”ίῐίπιιω-
1406 364 1466 397 ejus
1486 363 1601 398 laqueus
1625 373 1698 389 vana
1720 365 1832 399 gloria,
1853 363 1864 398 )
1893 365 2046 403 Postquam
2080 374 2179 397 autem

1187 399 1250 428 haec
1274 399 1372 428 omnia
1394 399 1542 434 feceritis,
1567 401 1692 429 necdum
1715 402 1780 430 Vos
1801 410 1881 432 tutos
1907 405 2105 435 arbitremini:
2129 408 2179 435 su-

1186 437 1278 477 perest
1303 448 1428 476 namque
1447 448 1538 468 unum
1557 440 1652 468 adbuc
1672 440 1783 470 inimici
1797 443 1884 471 telum
1899 465 1908 477 ,
1923 446 2003 481 quod
2029 446 2182 482 oportebit:

1187 478 1352 516 propellere
1367 497 1376 512 ,
1396 478 1530 516 superbia
1554 479 1664 508 scilicet
1687 479 1716 508 &
1739 489 1813 509 vana
1838 482 1940 518 gloria,
1961 482 2044 521 Saepe
2069 486 2178 514 etenim

1189 518 1263 545 hanc
1289 517 1391 555 arripit
1413 518 1528 547 daemon
1541 540 1549 552 ,
1571 517 1720 556 postquam
1736 520 1818 548 videt
1840 521 1938 550 inanes
1953 521 2034 550 fuilse
2050 523 2180 553 univer-

1186 556 1232 585 sos
1255 555 1322 584 suos
1344 564 1468 585 conatus
1492 579 1501 590 ,
1525 556 1554 585 &
1579 557 1729 587 Ministros
1757 559 1886 588 Humilis
1909 560 1966 589 Dei
1991 583 2000 595 ,
2029 571 2105 598 quos
2123 572 2181 593 net:

1185 595 1331 624 illecebris
1356 604 1410 624 nec
1435 595 1689 634 persecutionibus
1709 597 1842 635 superare
1862 607 2023 636 potuerat,
2040 601 2101 630 levi
2124 602 2179 631 fla-

1188 642 1221 662 tu
1245 635 1364 671 dejicit,
1388 634 1417 664 δε
1437 644 1522 664 vante
1539 636 1642 672 gloriae
1662 636 1745 665 fumo
1769 637 1901 667 suffocat.
1923 638 1968 667 Εὸ
1988 638 2122 669 subtilior
2143 642 2182 671 est

1188 674 1251 702 litcc
1276 674 1399 703 tentatio
1413 694 1422 708 ,
1447 674 1525 711 quod
1547 676 1671 704 latenter
1692 676 1849 714 subrepat,
1878 687 1931 706 nec
1959 686 2028 706 mox
2048 687 2180 716 apertum

1187 712 1307 741 suadeat
1330 715 1439 742 crimen
1464 736 1473 747 ‚
1497 713 1544 742 sed
1565 713 1615 744 sub
1632 714 1749 744 honesta
1771 717 1897 753 quadam
1924 717 1960 745 de
1982 717 2082 746 officio
2107 720 2181 748 bene

1187 751 1267 788 gesto
1293 752 1487 782 delectatione
1512 753 1540 782 se
1566 761 1712 791 contegat.
1755 755 1808 784 Ast
1832 765 1893 785 non
1925 755 1991 785 idei>
2023 756 2117 787 minus
2143 758 2182 787 est

1189 791 1376 829 periculosa.-
1401 792 1549 821 hominem
1574 793 1650 821 enim
1679 793 1776 830 privat
1803 796 1960 830 mercede,
1986 797 2094 825 meritis
2120 796 2180 827 suis

1188 832 1309 868 parata;
1331 830 1361 860 in
1385 829 1443 859 suis
1468 840 1534 860 enm
1558 830 1627 861 facit
1646 834 1793 862 confidere
1822 834 1935 864 viribus
1950 857 1959 869 ,
1980 834 2008 863 &
2032 835 2127 864 sensim
2150 836 2180 868 in

1188 870 1346 907 superbum
1373 877 1465 898 mutat
1492 870 1663 908 pharisaeum
1679 891 1690 906 ,
1715 873 1810 910 sicque
1820 874 1915 902 reddit
1938 872 2078 903 odibilem
2091 875 2157 905 Deo
2173 896 2184 912 ,

1189 909 1240 945 qui
1261 908 1352 944 (Jac.
1373 911 1420 944 4.)
1435 911 1560 948 superbis
1582 913 1688 949 resistit,
1711 915 1861 941 humilibus
1881 924 1970 941 aulem
1991 915 2039 941 dae
2051 920 2183 951 gratiam.

1188 947 1278 976 Hunc
1300 947 1390 985 porro
1411 950 1549 985 laqueum
1581 950 1724 979 cavebitis
1739 972 1748 986 ,
1772 952 1789 980 si
1816 951 1958 981 continuo
1980 953 2112 991 proprias
2135 955 2183 984 in-

1187 987 1335 1029 firmitate-s
1360 986 1394 1030 &⁸
1420 996 1540 1025 peccata
1564 996 1629 1017 ante
1650 990 1755 1019 oculos
1785 990 1947 1025 habentes,
1973 992 2001 1020 in
2026 992 2092 1022 Deo
2118 994 2183 1024 solo

1187 1026 1341 1068 collocetis
1362 1026 1535 1061 Fiduciam,
1558 1027 1587 1056 ἃ
1610 1036 1669 1057 non
1685 1030 1720 1057 de
1733 1030 1829 1058 Vobis
1841 1050 1850 1063 ,
1864 1029 1911 1058 sed
1933 1032 1967 1059 de
1989 1031 2094 1061 Gloria
2109 1033 2187 1070 Ejus

1186 1072 1216 1091 in
1241 1063 1376 1093 omnibns
1397 1064 1677 1100 solliciti‚eamdem
1702 1078 1755 1105 pro
1778 1070 1868 1098 unico
1892 1070 2042 1099 actionum
2065 1071 2183 1101 Vestra-

1187 1111 1251 1131 rum
1266 1102 1356 1140 scopo
1370 1102 1506 1132 statuatis.
1531 1105 1632 1142 Atque
1643 1106 1705 1135 litec
1718 1109 1753 1136 de
1766 1108 1872 1144 laqueo
1887 1108 2029 1147 superbiae
2051 1110 2116 1139 satis
2133 1112 2184 1142 sint

1187 1141 1288 1171 hocne,-
1302 1143 1386 1178 plura
1399 1143 1474 1171 enim
1488 1143 1523 1171 de
1538 1153 1572 1173 eo
1587 1144 1683 1173 dicere
1693 1154 1752 1175 non
1766 1147 1875 1184 patitur
1889 1149 2030 1186 temporis
2044 1150 2184 1186 angustia.

1225 1181 1438 1218 (EPILOGUS.
1452 1185 1466 1217 )
1487 1183 1579 1218 Igitur
1592 1203 1600 1217 ,
1617 1183 1793 1215 Dilec‘tillimi
1805 1206 1814 1220 ,
1837 1186 1921 1215 etiam
1937 1187 1967 1216 in
1988 1188 2051 1226 ipso
2076 1190 2183 1219 Minis·

1186 1227 1263 1263 terro
1289 1220 1404 1254 Sacro,
1432 1220 1477 1264 m.
1492 1221 1601 1251 vidistis
1617 1242 1625 1256 ,
1648 1223 1705 1252 imo
1729 1224 1758 1253 in
1784 1225 1848 1263 ipso
1871 1224 2037 1256 Sanffitatis
2057 1229 2185 1258 culmine

1190 1258 1219 1287 δε
1233 1261 1341 1303 iumma
1356 1259 1540 1290 Pei-fetihone
1554 1261 1667 1300 scopuli
1691 1264 1775 1293 multi
1795 1265 1916 1294 timendi
1928 1266 1992 1295 sunt
2007 1277 2014 1297 ;
2030 1276 2097 1295 cum
2111 1276 2185 1297 tem-

1190 1297 1346 1336 pestatibus
1360 1298 1389 1327 &
1403 1308 1559 1329 ventorum
1580 1300 1664 1330 furiis
1686 1303 1829 1333 contiuuo
1851 1305 2021 1334 ln&andum
2038 1317 2043 1334 ε
2059 1306 2107 1335 sed
2122 1309 2183 1337 haec

1191 1346 1375 1375 nequaquam
1396 1340 1522 1367 animum
1536 1339 1669 1369 Vestrum
1692 1342 1828 1379 dejiciant
1843 1355 1851 1377 3
1868 1344 1937 1382 quia
1951 1345 2116 1375 Vobiscum
2132 1347 2187 1378 erit

1192 1376 1274 1405 Deus
1296 1378 1415 1411 Fortis,
1440 1377 1521 1407 Deus
1544 1379 1694 1409 Salvator.

1214 1417 1264 1459 .¹.¹¹
1290 1416 1456 1460 lilvangelio
1477 1417 1600 1454 legimus
1613 1441 1620 1452 ,
1644 1419 1774 1449 nonnisi
1791 1421 1914 1458 jubente
1939 1422 2071 1454 Domino
2086 1426 2186 1457 ascen-

1193 1454 1260 1484 dasse
1270 1454 1438 1493 Discipulos
1448 1465 1478 1484 in
1491 1457 1658 1486 naviculam
1668 1481 1675 1492 ‚
1685 1467 1715 1488 ut
1728 1460 1802 1488 irent
1814 1461 1933 1498 (Matth.
1950 1470 1985 1498 14
1996 1462 2024 1492 δέ
2037 1465 2134 1495 Marci
2145 1468 2187 1504 6)

1194 1504 1271 1521 rmus
1287 1496 1412 1530 fretum,
1432 1494 1461 1524 δε
1484 1496 1550 1525 haec
1571 1496 1763 1527 nihilominus
1783 1504 1812 1528 in
1836 1505 1920 1529 medio
1946 1507 2014 1530 mari
2027 1507 2188 1537 jafi‘abarur

1190 1536 1336 1571 fluffllms,
1365 1533 1395 1562 δε
1418 1543 1483 1563 curn
1509 1536 1603 1564 ventis
1634 1537 1789 1566 contrariis
1814 1538 1959 1578 Discipuli
1991 1542 2189 1574 lueiabantur.

1195 1571 1293 1601 Stabat
1315 1574 1344 1616 in
1376 1574 1476 1602 littore
1505 1575 1612 1606 Jesus;
1638 1576 1716 1614 ipsos
1743 1577 1897 1608 videbatur
1922 1580 2064 1618 reliquisse
2083 1584 2183 1615 solos:

1195 1612 1243 1640 sed
1276 1611 1387 1649 Spiritu
1418 1614 1542 1649 praesens
1575 1623 1635 1643 erat
1657 1627 1663 1643 ι
1700 1616 1729 1645 ⁶&
1766 1626 1834 1646 ecce
1851 1637 1860 1652 ,
1892 1618 1922 1648 t‘it
1955 1620 2030 1650 vidit
2063 1635 2108 1651 eos
2140 1627 2185 1653 la-

1196 1653 1321 1679 hommes
1345 1655 1374 1679 itz
1396 1656 1574 1690 remigando,
1599 1654 1688 1682 statim
1715 1656 1895 1692 advolavit,
1919 1657 1949 1687 δέ
1969 1663 2117 1691 ambulans
2133 1666 2186 1699 fiz-

1187 1703 1242 1728 pra
1262 1703 1334 1719 mare
1350 1690 1429 1719 venit
1451 1694 1486 1720 ad
1508 1693 1674 1722 naviculam
1689 1705 1697 1721 .·
1711 1697 1805 1723 habete
1818 1715 1827 1730 ,
1840 1696 1935 1733 inquit
1950 1702 2099 1736 ,fiduciam
2114 1714 2122 1731 :
2136 1715 2184 1733 cun

1185 1733 1268 1766 sum,
1288 1734 1372 1759 nolite
1395 1734 1495 1760 timere.
1529 1733 1647 1761 Petrum
1669 1733 1762 1771 ipsum
1774 1755 1782 1768 ,
1796 1735 1861 1764 curn
1874 1737 1932 1773 jam
1944 1744 2070 1778 *csepiffgt
2084 1727 2187 1780 magog,

1194 1771 1310 1798 ΕΧὶΘΠΞὲ
1335 1779 1422 1798 manu
1445 1775 1640 1809 apprehendit.
1655 1794 1663 1801 .
1677 1794 1684 1806 ,
1699 1794 1709 1806 ,-
1731 1777 1851 1809 afiendit
1875 1778 1916 1804 acl
1934 1780 1998 1807 illos
2020 1785 2048 1808 in
2072 1786 2165 1810 navim

1195 1810 1220 1836 C«
1245 1812 1354 1847 ceffin‘it
1376 1820 1494 1844 ventus,
1515 1812 1601 1840 rediit
1613 1812 1813 1849 tranquilitas,
1827 1813 1959 1853 salvique
1980 1819 2015 1846 ad
2036 1819 2106 1849 litus
2119 1803 2187 1859 petz

1193 1856 1337 1891 venerunt
1357 1850 1400 1878 Ita
1414 1848 1442 1876 ἃ*
1455 1850 1617 1879 Vobiscum
1635 1853 1692 1884 fiet,
1705 1852 1892 1883 Dileffiffimi.
1906 1856 2054 1893 Vocante,
2064 1861 2188 1896 jubente

1192 1886 1346 1932 Domino,
1368 1888 1397 1916 in
1424 1888 1603 1918 Naviculani
1627 1890 1783 1921 Ministerii
1807 1893 1986 1928 ascendetis;
2011 1899 2185 1937 tempestati-

1192 1927 1246 1955 bus
1263 1935 1343 1956 eritis
1369 1928 1489 1965 expoliti
1508 1939 1514 1960 ;
1536 1928 1565 1957 in
1581 1930 1680 1959 medio
1702 1932 1773 1960 mari
1787 1942 1851 1961 cum
1876 1935 1970 1963 ventis
1988 1939 2185 1969 tentationum

1193 1966 1362 2009 lusiandum
1383 1967 1457 1998 erit:
1475 1967 1596 1997 subinde
1609 1969 1638 1998 in
1655 1969 1825 2007 remigando
1840 1973 2011 2004 laborabitis
2028 1989 2033 2005 :
2049 1978 2096 2006 sed
2112 1988 2188 2008 con-

1195 2006 1294 2039 fidite,
1305 2006 1393 2034 estote
1408 2006 1475 2035 Viri
1490 2007 1600 2040 sortes,
1621 2018 1681 2037 non
1699 2009 1825 2047 patietur
1849 2011 1930 2042 Jesus
1943 2014 2006 2044 Vos
2021 2016 2164 2047 fubmerui
2175 2031 2183 2047 .-

1193 2044 1241 2073 sed
1265 2046 1415 2073 ambulans
1439 2046 1523 2084 supra
1552 2056 1628 2076 mare
1654 2049 1687 2076 ad
1718 2048 1783 2078 Vos
1808 2050 1928 2085 veniet,
1951 2053 1979 2081 ἃ
2004 2056 2034 2084 in
2057 2044 2185 2087 maxiiiio

1193 2084 1367 2126 tempestatis
1380 2083 1466 2119 testii,
1487 2095 1573 2114 manu
1592 2087 1657 2116 Vos
1671 2089 1890 2126 apprehendens
1902 2112 1909 2125 ‚
1934 2092 2053 2123 intrabit
2068 2096 2103 2124 ad
2120 2096 2186 2126 Vos

1194 2131 1223 2165 in
1245 2123 1447 2155 Naviculam2
1471 2124 1625 2163 imperabit
1650 2126 1754 2156 Ventis
1779 2127 1808 2158 &
1831 2130 1931 2164 Mari,
1955 2134 2001 2161 fiet
2025 2134 2187 2173 Tranquil-

1193 2162 1280 2191 litas:
1297 2162 1326 2192 δε
1351 2164 1466 2192 tandem
1491 2173 1526 2192 ex
1546 2165 1708 2203 periculis,
1732 2175 1797 2204 qnae
1820 2168 1917 2198 Vobis
1941 2170 2078 2203 inimicus
2096 2176 2187 2205 susci-

1194 2208 1260 2243 tatn,
1280 2211 1396 2245 ereptos
1410 2223 1419 2237 ,
1439 2201 1564 2232 feliciter
1584 2205 1708 2234 deducet
1733 2208 1767 2235 ad
1791 2207 1906 2244 LittuS,
1931 2212 1965 2238 ad
1989 2212 2106 2242 Portum
2130 2216 2189 2244 Fe-

1195 2240 1317 2271 licitatis
1336 2241 1491 2275 AEternae,
1512 2242 1564 2270 ubi
1588 2243 1680 2272 securi
1704 2254 1769 2274 cum
1793 2246 1859 2284 Ipso
1879 2249 2020 2284 gadebitis
2036 2272 2044 2285 ,
2070 2253 2121 2282 nbi
2143 2255 2188 2283 la-

1197 2279 1304 2308 borum
1328 2282 1498 2310 Vestrorum
1514 2282 1653 2317 Proemia,
1666 2292 1823 2321 numquam
1846 2288 1906 2316 ullo
1925 2291 2094 2327 tempestatis
2109 2294 2186 2332 peri-

1200 2320 1269 2348 culo
1292 2320 1454 2353 turbanda,
1477 2320 1634 2351 AEterni‘im
1658 2323 1844 2359 poffidebitis.
1865 2326 1973 2357 Arnen.

1207 2439 1471 2489 QUARTA
1509 2442 1573 2482 IN
1626 2443 1812 2487 FESTO
1847 2449 2186 2493 PASCHATIS-

187 2495 408 2538 Osteiiditnr
444 2502 560 2551 quam
594 2503 734 2543 noxius
771 2505 815 2545 fit
852 2505 1016 2556 relapsus
1035 2536 1049 2556 ‚
1087 2503 1130 2546 &
1169 2506 1285 2558 quain
1323 2511 1534 2551 necessaria
1569 2511 1872 2557 1³01·seve1·entia
1907 2519 1946 2558 in
1980 2519 2097 2560 Bono
2119 2553 2133 2573 ,

900 2574 1097 2624 praecipue
1149 2573 1423 2617 Sacerdotibus

328 2627 466 2670 Christus
480 2631 638 2674 resurgens
651 2642 689 2664 ex
708 2637 834 2667 mortuis
848 2636 918 2677 jam
939 2647 994 2668 non
1009 2639 1154 2676 moritur,
1169 2649 1252 2671 mors
1272 2639 1321 2671 illa·
1334 2640 1418 2672 ulmi
1431 2652 1490 2673 non
1508 2643 1722 2678 dominabitur.
1748 2647 1922 2681 Rom.V1.
1935 2650 1968 2687 ἡ.
1984 2661 2016 2692 9.

132 2691 373 2752 DUM'anno
394 2696 537 2741 superiori
557 2698 590 2742 in·
611 2699 664 2743 linc
683 2699 743 2737 ipsa
762 2701 930 2731 Festivitate
955 2703 1125 2733 Sermonem

203 2735 239 2763 ad
260 2736 325 2766 Vos
347 2737 438 2765 habui
452 2756 461 2771 ,
484 2737 662 2767 Dileetnhmi
678 2758 687 2773 ‚
709 2739 965 2772 Rerum-efficacem
988 2743 1126 2773 Salvato-

1196 2704 1236 2751 ris
1261 2705 1365 2734 Pietati
1390 2706 1499 2750 Vestite
1512 2710 1678 2752 proposui,
1703 2721 1848 2752 tamquam
1874 2725 2002 2748 normam
2024 2721 2191 2759 Spiritualis

1196 2743 1274 2773 istius
1298 2744 1533 2775 Resurretboms
1548 2768 1557 2783 ,
1581 2753 1640 2787 quii
1666 2750 1695 2781 δι’
1715 2762 1769 2783 nos
1794 2764 1933 2794 opportet
1952 2760 1967 2788 a
1992 2761 2118 2798 peccatis
2144 2771 2189 2790 re-

1434 2788 1494 2820 Ee
