2414 3105
204 104 269 165 18

197 204 383 240 :moerorem
403 197 501 235 fieri?
525 198 589 233 Sed
609 206 688 242 opes
710 201 743 233 in
768 197 903 242 pulvere
922 196 1015 232 sacro

197 255 358 290 Excutit,
382 253 412 284 δι
430 251 559 287 Patres,
577 250 607 281 &
627 247 831 282 Pontificalia
847 247 921 290 jura
934 270 944 286 ‚

199 300 368 348 Angelico
382 301 486 333 Duce.
507 299 666 343 Dumque
680 298 780 331 trahit
792 296 845 330 sua
859 306 1025 342 quemque
1033 294 1199 339 voluptas,

199 353 303 386 Hunc
323 349 425 383 trahit
441 356 479 381 ut
498 347 637 381 Grudiis
655 347 767 379 Decus
786 346 901 391 ingens
914 345 1034 379 creseat
1051 347 1199 379 Athenis.

198 403 288 434 Scire
310 398 421 442 cupis,
445 405 573 443 quanto
593 397 751 429 doch-inan
770 393 922 428 incensus
941 404 1054 427 amore

198 451 366 496 Linguam
379 472 389 487 ,
412 448 524 485 Galle,
547 454 637 479 tuam
652 468 662 484 ‚
682 447 712 478 &
733 452 831 477 torvo
853 441 1046 477 fundamina
1065 442 1163 477 vultu

199 500 398 532 Teutonicae
418 495 532 529 didicit
552 493 699 538 linguae?
719 495 878 536 (Quippe
900 492 955 525 illa
975 503 1153 536 procorum
1166 516 1176 533 ,

198 548 285 583 11aec
304 549 349 580 est
373 543 578 584 rixantem.)
602 541 700 576 Nihil
720 545 764 576 est
781 555 787 575 ε
806 541 859 576 sed
880 539 1032 575 funditus
1051 543 1144 575 ardet

201 596 398 641 Argolicam
416 593 525 634 latiae,
545 591 735 637 sacramque
756 591 932 636 adjungere
953 590 1085 636 linguae.

202 646 403 689 Desperate,
420 646 506 682 viri,
528 644 585 676 nisi
606 652 667 674 vos
688 640 872 674 Helennica
896 641 1017 679 ducat,

201 694 339 738 Insuper
364 692 519 737 antiquos
541 691 683 725 Hebraea
708 700 872 733 exponere
894 698 1009 732 patres.

202 746 269 779 'His
291 744 379 777 dedit
399 741 548 775 obscuris
565 740 674 773 lucem
687 763 697 779 ,
718 742 857 772 mirante
875 737 988 781 lycaeo
1004 760 1013 777 ,

203 791 375 836 Diftisque
395 793 557 824 attonitos
578 789 627 822 liis
647 788 792 822 reddidit
815 787 879 830 ipse
901 788 1101 832 Magistros;

204 844 293 884 Quid
315 840 437 884 plura?
463 839 526 873 His
546 837 687 872 Ducibis
706 836 829 871 scandit
846 835 996 870 subsellia
1017 837 1153 869 Doctor.

204 891 357 926 Plaudite
377 890 589 932 Sclzaldigenae
605 887 740 920 Grudio
761 886 907 919 Dostore
924 884 1075 929 superbi,

202 942 353 975 Buccina
378 949 436 971 vos
451 960 460 974 ‚
479 934 672 980 plaususque
696 943 840 976 vocant3
861 938 1024 969 accurrite
1046 933 1147 974 laeti,

205 992 251 1025 Et
273 987 401 1022 rursum
418 985 516 1019 solito
538 985 677 1027 majores
697 983 829 1028 pandite
847 981 968 1017 fauces.

205 1036 371 1077 Cernitis‚
394 1033 432 1068 sit
455 1036 590 1068 Braccas
611 1033 781 1067 humeris?
814 1035 863 1067 Ut
885 1032 969 1076 pilea
993 1032 1135 1077 pulchro

204 1086 345 1130 Uertice
363 1085 463 1120 rubra
477 1083 597 1131 gerat?
624 1083 768 1117 Dor-“tori
788 1081 974 1127 applaudite
994 1085 1111 1119 vestro.

662 91 987 179 Algemeyne
1022 93 1413 181 Verzamelinge
1448 98 1540 160 der
1576 68 1802 161 erm

1269 203 1389 246 Tuque
1410 202 1523 242 Urias,
1543 201 1625 238 tolle
1645 211 1761 247 caput,
1782 205 1813 237 ὅτ
1832 203 1950 250 dignos
1973 206 2111 248 concipe
2124 199 2242 243 fastus,

1268 252 1427 286 Bruxella
1448 252 1586 285 heroum
1603 251 1769 295 praeclara
1791 251 1909 295 palatia
1930 250 2077 293 condat,¹

1268 297 1518 346 Nobiliumque
1540 302 1635 335 aedes
1649 325 1658 341 ,
1675 301 1855 347 titulosque
1882 305 1912 336 &
1932 305 2100 337 stemmata
2119 302 2242 345 jaciet,

1268 351 1318 382 At
1337 357 1371 382 tu
1392 349 1484 383 dives
1503 360 1625 393 opum,
1645 361 1714 384 non
1739 349 1866 385 tantum
1890 354 2071 397 Anrverpia
2097 362 2279 393 nummos,
2331 355 2334 358 ’

1270 398 1331 431 Sed
1349 398 1433 440 jacta
1457 398 1626 445 ingenium
1642 424 1651 439 ,
1672 399 1835 446 totiesque
1853 409 1963 444 erepta
1983 399 2158 436 secunndis

1272 449 1419 480 Praemia
1441 447 1627 490 primorum
1649 462 1655 482 :
1680 460 1747 483 non
1776 451 1852 484 urbi
1879 450 2020 496 contigit
2041 450 2110 499 ulii,
2144 482 2145 485 ,

1273 498 1365 536 Quot
1385 496 1470 535 tibi,
1491 505 1542 530 tot
1563 506 1668 541 raptas
1691 497 1835 532 conferri
1859 498 1876 533 a
1899 499 2031 534 Pallade
2052 499 2197 543 palmas3

1269 546 1412 592 Jamque
1433 556 1557 579 novum
1578 546 1662 589 jacta
1682 549 1873 582 Dociorem.
1895 551 1948 582 Tu
1973 559 2108 595 quoque
2133 549 2238 596 gaude

1274 596 1375 627 Alma
1397 607 1529 638 parens,
1551 604 1660 629 totum
1686 596 1752 630 late
1773 595 1896 630 famosa
1915 609 1972 642 per
1998 600 2113 633 orbem
2136 611 2143 632 :

1272 644 1405 685 Nempe
1429 651 1490 676 tuo
1511 643 1626 678 laurus
1655 645 1848 680 adolescunt
1873 644 1967 680 sonte
1989 651 2111 694 rigatae
2126 670 2135 685 ,

1272 692 1346 725 Hac
1368 691 1464 725 lauru
1484 692 1596 726 Decus
1615 694 1804 728 immortale
1832 697 1889 738 (fit
1909 707 2013 741 augur
2035 695 2189 740 Apollo)

1273 741 1400 778 Crede,
1425 738 1531 774 feres:
1552 752 1628 775 nam
1649 744 1669 774 fi
1688 745 1860 777 Eximiurn
1879 743 1931 779 sex
1947 746 2046 780 lustra
2068 746 2274 790 triumphum

1273 791 1437 823 Nondum
1461 788 1567 832 elapsa
1588 790 1662 824 viro
1685 792 1890 831 dediderint,
1911 795 1990 839 quid
2011 797 2166 841 grandior
2187 804 2278 837 aetas

1273 842 1289 879 (
1304 839 1379 871 DET
1391 840 1499 873 Dans!
1514 841 1527 879 )
1541 841 1639 873 Alma
1649 842 1778 884 parens?
1789 842 1887 873 Fama
1897 843 2280 883 acclamantessouona'r

1273 888 1421 921 INFULA
1443 889 1666 922 DoCToussM.
1702 891 1772 923 PRo
1797 892 1954 924 PRAEscLE
1985 894 2167 935 praesidet?
2187 892 2283 937 Ergo.

1276 939 1469 982 Augurium
1490 935 1570 970 felix
1592 950 1599 971 :
1620 939 1674 971 fiet
1692 940 1732 972 de
1751 940 1890 982 praeside
1914 941 2061 974 Puffistm.

1276 987 1352 1019 Nec
1370 987 1441 1019 finis
1457 986 1594 1027 decori,
1616 997 1692 1020 narn
1716 985 1834 1021 famam
1857 991 2033 1024 exiendere
2051 987 2144 1024 fastis

1275 1036 1355 1069 Hoc
1374 1035 1506 1069 virtutis
1524 1047 1628 1079 opus:
1641 1036 1826 1083 genui-tibi
1847 1040 1983 1080 provida
2004 1049 2120 1074 natum

1275 1087 1377 1118 Alma
1397 1093 1487 1119 tuam
1504 1097 1620 1130 parens
1643 1083 1763 1121 tamam
1787 1086 1845 1132 qui
1871 1090 2026 1122 terminet
2046 1091 2147 1124 astris.

988 1146 1511 1178 CHR'ONICON.

701 1207 1026 1242 C'ORONET·
1069 1208 1791 1257 INFULADDOCTOREM.

1020 1282 1202 1326 Applaudlt.
1225 1281 1430 1327 Congregatz'o
1453 1283 1537 1316 RR.
1562 1285 1647 1317 DD.
1668 1285 1701 1316 T
1699 1284 1900 1328 lieologorum
1914 1267 2201 1330 Antverplenfium.

301 1406 1188 1421 —————--——-—-——-——-———·—‚-——·—-———--—-

2136 1349 2280 1440 Q

1297 1406 1357 1414 ...-

211 1464 382 1500 Praenohzlz
397 1487 405 1502 ,
426 1464 610 1497 Reverendo
630 1464 789 1496 admodum
810 1473 900 1505 atque
921 1461 1048 1496 Eximio
1069 1462 1112 1493 V
1111 1464 1156 1494 iro
1180 1462 1316 1495 Domino
1331 1461 1367 1495 ac
1380 1462 1537 1506 Nlagz‘stro
1562 1464 1662 1503 nostro
1675 1461 1861 1506 JACOBO
1876 1461 2288 1505 THOMAEJOSEPHO

262 1513 500 1547 WELLENS
522 1511 767 1556 Antverpienfi',
789 1512 895 1544 Sacrae
921 1512 1094 1555 leenlogiae
1113 1511 1239 1543 Doft'ori
1260 1511 1295 1548 G?
1316 1511 1484 1553 Profeffim'
1507 1510 1698 1547 ordinario,
1716 1511 1808 1554 Jurt‘s
1828 1512 1984 1552 utrlttfiJue
2006 1510 2200 1550 Licentzcno,
2225 1510 2290 1543 Ec-

263 1563 361 1606 cleftae
391 1562 569 1605 Collcgz'atae
601 1563 684 1593 Divi
716 1560 808 1593 Petri
831 1561 967 1593 Lovanz'i
994 1560 1172 1598 Cataonia),
1200 1570 1254 1592 nec
1285 1572 1344 1593 non
1371 1560 1499 1604 Collegit·
1528 1561 1626 1593 Divae
1656 1560 1835 1594 Pulcheriae
1866 1571 1921 1593 ceu
1944 1560 2127 1593 Hollandici
2154 1560 2289 1603 Praefidi

263 1614 447 1658 'Digntffimo
466 1613 583 1654 summo
608 1606 739 1644 omnium
761 1610 910 1655 applausu
933 1611 1017 1644 eleffo
1047 1620 1098 1653 14.
1114 1610 1267 1653 januarii
1290 1611 1389 1653 1765.

217 1683 446 1771 EXoptata
472 1726 558 1761 dies!
577 1727 703 1760 Lustris
725 1734 774 1760 ter
797 1725 882 1770 pene
905 1728 1069 1766 novenis,

215 1783 249 1814 A
273 1779 394 1824 quibus
415 1780 449 1810 in
472 1779 591 1810 Grudio
618 1777 747 1809 Domus
766 1776 835 1808 hacc
853 1773 991 1809 fundata
1012 1778 1133 1821 Lycaeo
1148 1774 1215 1816 est,

216 1830 342 1866 Laetior
366 1828 445 1860 Eois
470 1836 641 1870 nunquam
664 1823 806 1858 surrexit
827 1825 867 1858 ab
898 1826 995 1859 undis

216 1873 1218 1920 Phoebusliuicdomui,quamnunc‚ubi,maximeWELLENs,

216 1929 265 1960 Te
289 1925 377 1960 valet
398 1925 556 1958 ambabus
575 1922 656 1957 felix
679 1919 865 1967 ampleffier
891 1923 988 1958 ulnis.

215 1979 308 2021 Ergo
329 1978 444 2013 venis,
467 1972 606 2012 Praeses,
628 1981 751 2018 tuaque
773 1973 943 2015 expesiata
968 1973 1055 2008 tueri

216 2027 282 2060 Ora
305 2025 431 2058 datur?
447 2023 558 2057 Nobis
582 2024 603 2056 ὁ
626 2033 699 2068 qua:
722 2020 892 2055 Praesentia
902 2023 914 2057 ⁸!
944 2033 1022 2056 vera

215 2074 301 2109 Laeti
326 2076 516 2118 experimur
530 2096 539 2111 ,
561 2083 634 2117 quae
659 2073 793 2105 credere
814 2070 952 2116 quisque
978 2071 1135 2113 timebat,

221 2122 362 2158 Gaudia.
394 2124 465 2156 Vix
496 2121 629 2166 capiunt
652 2120 723 2161 (ita
742 2131 804 2153 nos
824 2129 941 2154 natura
965 2125 1114 2165 paravit)

219 2176 280 2216 Spe
303 2171 441 2206 meliora
461 2173 567 2205 fidem.
600 2172 780 2204 LELIVELTI
801 2167 920 2204 funera
940 2170 1079 2205 flentum

221 2224 351 2256 Primus
370 2221 429 2254 ubi
453 2223 492 2255 ad
515 2222 638 2254 nostras
660 2230 773 2253 rumor
797 2220 987 2262 percrebuit
1006 2220 1124 2260 aures,⁴

221 2273 273 2306 W
277 2280 447 2304 ELLENJUM
470 2272 599 2303 Batavis
617 2267 806 2312 praefectum
827 2269 882 2302 hic
901 2268 1033 2303 sedibus
1053 2270 1137 2310 este,

224 2321 349 2353 Incerti
372 2319 516 2355 stetimus
539 2317 706 2363 plaususne
727 2317 868 2352 dolorne
893 2320 1024 2353 deceret

223 2369 311 2404 Pene
333 2377 557 2412 parentantes:
579 2368 732 2402 vicerunt
753 2369 872 2413 gaudia
891 2369 1035 2402 Luctum

226 2421 334 2452 Tanta
354 2425 480 2457 tamen,
492 2417 738 2463 lachrymasque
752 2416 860 2450 oculis
882 2418 1082 2452 abstersimus
1096 2428 1221 2452 omnes.

225 2470 270 2503 Et
293 2466 433 2507 merito;
453 2477 528 2500 nam
549 2478 622 2512 quae
643 2469 744 2500 nostri
764 2466 890 2509 jacim-a
914 2466 1042 2501 doloris

226 2514 328 2551 Causa
347 2513 412 2548 fuit
425 2539 434 2555 ‚
457 2515 530 2558 plus
555 2527 652 2562 quam
676 2524 821 2560 reparata
842 2518 885 2549 est
899 2539 908 2555 ‚
936 2516 1095 2550 maximus
1115 2516 1198 2551 alter

226 2568 291 2600 Pro
314 2567 407 2598 Patre
431 2566 509 2598 dum
530 2565 644 2599 Praeses
670 2564 874 2599 conceditur.
906 2567 1035 2599 Invidet
1061 2568 1162 2600 Anna

227 2616 427 2655 Pulclzeriae,
451 2616 652 2664 charumque
674 2617 804 2652 Patrem
823 2616 885 2652 fine
908 2616 971 2650 fine
995 2613 1170 2662 reclamat(

1282 1724 1435 1766 Clamet,
1458 1735 1492 1761 at
1516 1724 1695 1762 incaffum!
1725 1736 1786 1761 nos
1810 1723 1900 1761 tanta
1923 1722 2008 1760 sorte
2032 1722 2121 1760 beati

1282 1778 1383 1811 Instar
1406 1779 1591 1811 adinventa:
1611 1775 1815 1810 servabimus
1838 1776 1960 1810 amodo
1984 1785 2123 1821 gemma:

1284 1828 1530 1866 WELLEN10M‚
1554 1824 1688 1859 summis
1705 1837 1810 1871 quem
1832 1824 1960 1859 summo
1980 1826 2053 1866 jure
2079 1825 2232 1868 deinceps

1286 1875 1541 1920 AEquiparamus
1562 1877 1646 1909 Avis
1659 1899 1668 1913 ,
1689 1887 1773 1920 quos
1796 1877 1864 1908 hoec
1886 1872 2067 1909 Academia
2081 1873 2190 1916 jaRat.

1283 1928 1315 1959 Si
1337 1929 1410 1970 quis
1433 1927 1500 1959 Eos
1522 1929 1608 1959 inter
1629 1922 1741 1959 solidae
1761 1927 1895 1958 Pietatis
1916 1933 2056 1957 acumen

1285 1975 1498 2009 Docsrrinaeve
1520 1975 1641 2020 gradus
1669 1973 1777 2007 studio
1801 1972 2001 2017 superaverit
2023 1982 2160 2013 omnes,

1285 2026 1369 2058 Non
1390 2025 1543 2069 equidem
1564 2023 1669 2067 prima
1691 2022 1801 2057 secum
1829 2025 1967 2056 statione
1990 2021 2118 2062 locari,

1287 2075 1532 2113 WELLENIUM,
1554 2071 1686 2106 culmen
1711 2071 1819 2106 meriti
1843 2070 2015 2116 utriusque
2039 2074 2207 2104 tenentem

1285 2123 1478 2169 (Juridicae
1490 2121 1660 2167 sacraeque
1679 2121 1815 2155 Scholae
1833 2120 2056 2166 Sophicaeque
2070 2120 2288 2165 loquuntur)

1291 2173 1450 2206 Invideat.
1475 2174 1534 2206 Sed
1558 2175 1632 2218 quis
1656 2180 1783 2215 praeter
1801 2180 1853 2210 te,
1877 2174 2018 2205 maxime
2040 2172 2235 2219 warinus,

1287 2220 1384 2255 Utile
1409 2224 1449 2255 fic
1473 2221 1563 2256 dulci
1587 2221 1791 2266 conjungere
1816 2224 1936 2260 novit,
1957 2222 2099 2252 amaenis

1289 2270 1448 2304 Moribus
1469 2273 1631 2304 austerum
1656 2271 1838 2303 Docs'trinae
1863 2277 1901 2302 ut
1922 2268 2097 2303 vinceret?
2122 2267 2223 2312 Unus

1289 2321 1452 2354 Praestitit
1467 2320 1532 2353 hoc
1561 2320 1687 2352 mundo
1699 2317 1860 2362 specimen
1873 2315 2085 2351 memorabile
2097 2318 2289 2358 WELLENQ

1289 2371 1397 2410 Quam
1419 2369 1503 2403 bene
1526 2371 1729 2403 conveniant
1748 2370 1779 2400 &
1799 2370 1833 2401 in
1854 2377 1920 2399 una
1939 2365 2012 2399 sede
2034 2373 2209 2399 morentur

1290 2419 1409 2452 Comis
1436 2418 1619 2452 amabilitas
1647 2417 1952 2461 Docirinarumque
1974 2414 2127 2449 severum

1289 2466 1463 2501 Extollant
1492 2466 1548 2501 alii
1572 2466 1698 2499 calamo
1717 2464 1914 2511 Linguaque
1933 2473 2107 2508 potentes,

1290 2518 1356 2558 Qui
1380 2518 1483 2550 doffis
1504 2515 1659 2560 peperere
1680 2514 1736 2548 sibi
1756 2525 1815 2558 per
1833 2513 1960 2548 saecula
1980 2523 2102 2547 nomen

1290 2565 1480 2599 Immortale
1501 2565 1630 2604 Libris·,
1649 2563 1701 2597 sed
1719 2565 1851 2603 Nemo,
1874 2563 1927 2599 vel
1948 2562 2073 2608 Ecquis
2093 2564 2220 2596 Eorum

1292 2616 1376 2650 Tam
1395 2615 1480 2652 bene
1490 2637 1503 2658 ,
1524 2623 1591 2650 tam
1611 2612 1696 2649 terse
1716 2621 1809 2650 tanto
1832 2623 1910 2651 cum
1927 2614 2075 2662 pondere
2093 2610 2240 2657 scripsit,
