2414 3105
178 97 200 139 1
214 96 284 157 32
777 72 1100 160 Exhortatio
1141 77 1388 167 vigesima
1427 87 1579 147 tertia
1595 127 1615 157 ‚

168 177 204 205 stc
219 195 228 210 ‚
247 185 307 206 non
322 174 357 205 fic
381 181 496 205 mortua
521 175 559 206 est
579 176 676 208 Maria
692 187 701 210 ς
722 177 771 207 sed
793 178 938 208 Puriffima
951 179 1024 217 Ejus
1043 180 1169 216 Anima,

167 215 248 245 unita
274 215 391 253 quidem
417 216 477 245 Cor
501 217 567 252 ori,
589 226 617 247 at
644 218 779 247 Creatori
801 218 864 248 Suo
890 219 986 248 adhuc
1009 223 1099 258 magis
1122 220 1169 249 in-

163 256 235 284 time
258 255 436 293 800111ηᾶ3,
463 255 483 284 ’1
493 257 700 286 abet-naculum
723 256 815 287 Suum
831 278 840 292 ‚
867 257 935 288 Deo
960 259 1000 287 it‘a
1027 261 1169 294 volente,

161 294 301 332 tantisper
323 295 449 323 deseruit
464 315 474 329 ‚
490 294 520 324 &
535 296 566 324 in
580 299 709 335 quodam
729 297 838 327 amoris
852 296 965 335 impetu
977 318 986 332 ,
1000 307 1086 336 quem
1100 308 1168 328 cor-

163 343 219 373 pus
233 333 313 372 sequi
327 343 387 363 non
405 341 519 372 poterat
533 355 542 369 ,
556 336 688 366 evolavit
704 338 740 365 ad
755 337 850 366 Deum
863 359 871 371 ‚
884 339 1058 375 Corpusque
1073 338 1168 368 Suum

163 375 194 402 in
215 373 349 403 Gloriam
372 375 586 412 przecucurrit3
607 375 680 404 adeo
691 384 723 405 ut
738 376 824 406 Mors
840 376 946 405 Mariae
959 377 1033 407 nihil
1054 379 1166 416 poenale

163 412 301 442 habuerit
315 435 322 447 ,
340 412 413 441 nihil
426 415 549 443 arduum
569 424 576 447 ;
592 414 640 443 sed
661 415 761 454 potius
786 425 821 445 ex
839 416 1006 446 vehementi
1029 418 1167 456 placido-

163 461 222 490 que
248 452 357 482 amoris
381 452 450 481 aestu
472 453 605 491 profesta
632 454 672 483 fit.

204 491 344 522 Aliorum
376 492 529 522 hominum
554 503 683 532 corpora
715 493 799 523 etiarn
825 493 888 532 post
915 502 1038 524 mortem
1066 495 1165 526 Justus

163 529 247 560 Deus
270 532 454 570 persequitur
479 543 487 564 ς
512 533 662 571 putredini
685 532 714 562 &
741 534 891 563 vermibus
917 534 966 563 illa
992 535 1080 563 tradit
1101 546 1108 566 3
1134 537 1165 564 in

161 569 278 600 favillas
293 571 322 600 δι
335 571 446 601 cineres
467 572 574 610 redigit
587 593 595 607 ,
616 581 648 602 ut
661 573 695 602 stc
710 595 719 606 ,
745 574 890 611 completa
903 572 953 601 ista
969 574 1165 603 destruetione

164 619 254 647 quam
272 610 382 648 patitur
406 620 515 649 corpus
538 613 676 650 peccati,
701 621 852 650 reparetur
881 612 1011 642 Divinus
1033 613 1143 642 Honor
1157 636 1166 648 ,

164 650 203 678 ad
225 659 311 687 quem
331 651 488 680 ledendum
513 651 732 680 instrumentum
761 650 827 680 fuit.
857 651 900 680 At
924 652 987 680 hzec
1008 652 1106 681 omnia
1134 653 1165 683 in

164 689 292 718 Mariam
308 691 412 719 cadere
436 699 497 719 non
519 699 655 729 poterant
671 712 679 725 ‚
698 691 836 720 indecens
857 691 933 720 enim
956 691 1077 720 omnino
1092 692 1164 720 fuis-

163 728 207 757 set
225 729 376 767 corrumpi
399 739 452 759 cor
472 731 566 765 illud,
587 730 769 760 SanCtillimae
795 730 948 760 Trinitatis
971 731 1136 760 Sacrarium
1154 741 1163 764 ;

164 767 268 797 Sinum
292 768 375 797 illum
395 769 592 807 Virgineum,
615 772 666 807 qui
688 779 743 808 pro
766 770 948 799 Habitaculo
967 769 1063 799 fuerat
1084 770 1163 800 Filio

165 806 247 841 Dei;
267 807 443 845 Sanguinem
462 810 568 843 Illum,
589 809 604 838 e
625 819 685 847 quo
712 809 866 838 humanam
885 816 1011 838 traxerat
1034 809 1162 839 substan-

164 847 235 875 tiam
249 869 258 881 ,
280 847 339 876 imo
355 847 383 876 &
397 848 508 885 reliqua
525 849 668 886 Corporis
687 848 760 884 Ejus
783 849 916 877 Membra
932 868 941 883 ,
962 857 1027 886 quac
1042 848 1163 878 Divinae

165 886 284 915 Gloria:
306 896 340 915 ac
359 886 504 925 purinimo
530 887 601 925 Ejus
622 887 730 916 Amori
751 889 833 917 nullo
855 896 914 917 non
935 887 1164 917 momentofue-

164 933 231 954 rant
255 926 433 955 consecrata.
463 926 572 964 Neque
597 927 702 963 dignus
725 934 786 955 erat
813 929 938 956 mundus
960 928 1098 965 poihdere
1110 928 1163 957 Sa-

166 973 232 993 cras
244 965 307 994 illas
321 965 455 994 Exuvias
467 985 476 1000 ,
497 975 563 1004 quse
583 974 703 995 terrente
719 966 802 995 faecis
816 967 888 996 nihil
902 976 1037 1004 uniquam
1053 967 1166 996 habue-

164 1012 229 1033 rant
245 1016 252 1034 2
269 1005 535 1034 Innocentiilimum
555 1006 654 1044 itaque
670 1006 773 1034 Murice
785 1005 902 1044 Corpus
915 1008 1036 1035 decebat
1057 1007 1166 1038 elevari

163 1043 197 1073 in
222 1045 359 1076 leum3
383 1044 543 1082 suadetque
569 1044 628 1084 ipra
651 1046 791 1074 naturalis
819 1046 914 1080 ratio,
937 1054 1028 1084 prout
1057 1046 1166 1075 videtis

163 1081 365 1119 Dileeiiffimi,
384 1085 553 1114 Gloriosam
576 1085 709 1121 Virginis
739 1084 950 1115 Alsumtionem
966 1105 975 1119 ‚
996 1095 1082 1124 quarn
1097 1107 1105 1119 ‚
1130 1094 1166 1116 ex

163 1123 214 1162 pia
240 1124 269 1153 δε
292 1123 480 1161 antiquinima
499 1123 658 1154 traditione
673 1144 683 1159 ,
702 1132 764 1155 tota
786 1124 933 1154 hodierno
957 1124 1005 1155 die
1025 1126 1165 1155 concele-

165 1165 229 1193 brat
252 1163 391 1192 Ecclelia.

205 1202 261 1232 Sed
294 1202 443 1241 Quoniam
467 1222 478 1236 ,
505 1202 537 1232 ut
568 1211 647 1233 anno
680 1202 830 1242 praeterito
867 1203 993 1233 diximus
1017 1224 1027 1238 ,
1059 1203 1166 1233 Mariae

164 1242 237 1272 Vita
274 1243 390 1280 speciali
425 1243 540 1271 ratione
572 1242 768 1272 sacerdotalis
796 1243 867 1272 vitae
912 1245 1056 1282 exemplar
1089 1243 1126 1271 eli
1157 1265 1167 1277 ,

164 1282 318 1321 sequitur,
350 1281 381 1311 δε
405 1280 435 1310 ’10
462 1281 536 1318 Ejus
565 1283 692 1316 Morte,
726 1291 791 1320 qua:
825 1283 905 1312 Vitae
946 1283 1059 1321 semper
1095 1291 1165 1312 cor-

164 1322 343 1361 respondet,
374 1320 508 1350 invenire
542 1322 660 1360 quoque
683 1322 859 1351 Sacerdotes
890 1324 971 1361 quod
1002 1321 1164 1351 imitentur.

164 1362 208 1392 Et
230 1361 349 1399 quidem
372 1360 487 1389 stultum
512 1359 588 1392 foret
601 1371 634 1391 ac
654 1361 840 1390 intolerabile
853 1382 862 1395 ,
882 1362 995 1400 sperare
1011 1362 1167 1397 Praemga·

163 1402 242 1432 tivas
265 1401 328 1430 illas
341 1419 350 1435 ,
372 1410 437 1437 quae
452 1399 505 1430 soli
517 1400 623 1430 Mariae
637 1400 699 1440 post
711 1400 854 1430 Christum
868 1400 987 1430 fuerunt
1000 1400 1136 1430 cencefsae
1152 1411 1160 1432 ς

164 1448 294 1471 attamen
317 1440 347 1468 in
369 1439 534 1469 lelicissima
556 1441 610 1469 hac
637 1440 738 1469 Morte
762 1450 817 1479 pro
832 1449 862 1469 ea
884 1448 983 1479 parte,
1004 1448 1070 1478 quae
1086 1440 1163 1469 Ani-

164 1489 241 1511 mam
263 1479 403 1517 respicit,
427 1478 545 1515 Virgini
567 1480 750 1518 aliquatenus
773 1479 912 1509 allimilari
935 1479 1007 1508 nihil
1022 1488 1076 1508 nos
1090 1489 1162 1517 pro-

165 1520 248 1550 hibet
265 1529 273 1550 ς
291 1518 421 1556 quinimo
445 1517 610 1549 sacerdotii
633 1518 786 1556 Dignitas,
809 1519 838 1548 in
861 1528 918 1556 qua
932 1542 940 1553 ,
962 1519 1028 1548 Deo
1054 1520 1138 1547 dante
1153 1538 1164 1553 ,

165 1560 327 1589 moriemur
349 1565 498 1596 quotquot
517 1559 564 1588 hic
580 1559 675 1588 sumus
688 1581 696 1593 ,
717 1557 841 1597 idipsum
858 1560 873 1587 a
886 1557 1164 1597 nobis.exp0stulat.

205 1598 369 1629 Sentiernus
383 1617 393 1629 ,
417 1596 532 1632 fateor,
555 1599 586 1626 in
610 1599 682 1627 hora
704 1599 807 1627 mortis
821 1599 934 1636 peccati
948 1607 1061 1637 poenam
1076 1618 1085 1632 ,
1107 1599 1163 1625 du-

165 1646 287 1676 ramque
307 1637 386 1666 illam
407 1639 510 1665 animm
526 1639 540 1666 a
555 1647 683 1675 corpore
706 1637 937 1675 separationem,
963 1647 1049 1676 quam
1064 1638 1164 1666 horret

165 1687 270 1708 natura
281 1699 289 1711 ,
311 1676 493 1716 experiemur
509 1687 517 1708 ς
532 1677 584 1706 ubi
605 1678 707 1706 contra
722 1677 853 1706 traniitus
866 1678 971 1706 Mariae
985 1679 1020 1705 ad
1033 1678 1163 1711 Caelum,

167 1717 264 1747 dulcis
284 1717 400 1754 quidam
420 1715 528 1745 amoris
549 1716 674 1754 impetus
687 1716 786 1756 potius
799 1718 883 1754 quam
900 1726 978 1747 mors
992 1716 1093 1746 vocari
1107 1725 1163 1754 po-

165 1757 225 1786 tuit
239 1768 245 1786 :
261 1757 307 1785 sed
330 1756 366 1784 ad
388 1756 444 1785 hoc
463 1755 559 1784 saltem
572 1765 732 1795 praeparare
745 1764 798 1784 nos
811 1757 959 1794 polsumus
972 1776 980 1790 ,
1001 1764 1034 1784 ut
1048 1756 1077 1785 in
1092 1757 1163 1784 statu

164 1796 281 1826 Gratim
301 1794 446 1824 &aftuali
467 1803 565 1824 amore
588 1796 799 1825 momentosum
822 1797 903 1825 illurn
918 1796 1062 1825 transitum
1079 1804 1164 1833 pera-

166 1845 280 1874 gamus.
312 1835 417 1863 Mariae
439 1834 556 1872 Corpus
569 1854 578 1868 ‚
597 1836 612 1863 a
632 1836 825 1874 corruptione
850 1836 992 1865 servatum
1006 1855 1015 1870 ,
1033 1833 1164 1871 gloriose

165 1875 224 1904 fuit
247 1874 395 1904 ass'umtum
420 1874 449 1902 in
472 1874 568 1904 Ctrlos
584 1875 734 1906 molitum
750 1875 820 1903 verb
836 1875 918 1904 maffa
933 1874 985 1904 erit
999 1874 1165 1913 putredinis

167 1914 200 1944 ἃ
223 1915 285 1944 esca
306 1917 472 1944 vermium;
493 1914 540 1942 sed
556 1914 613 1943 hoc
638 1914 704 1944 satis
725 1914 811 1944 nobis
830 1915 884 1950 fit,
904 1915 922 1945 1ἰ
943 1916 973 1944 in
997 1914 1162 1944 Novillimo

166 1954 226 1983 Die
239 1977 248 1989 ‚
268 1954 393 1983 induens
415 1954 663 1982 Immortalitatem
677 1976 685 1988 ,
700 1963 810 1992 partem
828 1956 931 1984 habeat
953 1954 982 1983 in
998 1953 1163 1982 Resurrec—

166 1993 249 2023 tione
274 1994 447 2023 Sanctorum
462 2012 472 2027 ,
494 1992 523 2021 &
554 1994 583 2022 in
605 1993 710 2023 Murice
733 1993 883 2024 consortio
910 2002 977 2024 ante
1003 1993 1162 2023 Thronum

165 2032 226 2063 Dei
251 2034 428 2063 collocetur.

207 2074 240 2103 ln
265 2073 309 2101 his
333 2073 423 2109 igitur
447 2071 563 2110 punttis
594 2071 724 2101 Mortem
752 2071 783 2103 δε
811 2071 1024 2102 Assumtionem
1055 2071 1162 2101 Marite

166 2110 276 2141 imitari
298 2112 384 2141 nobis
409 2113 604 2144 conceditur;
624 2113 705 2149 quod
727 2122 759 2140 ut
776 2112 890 2141 felicius
911 2121 1100 2150 peragamus,
1115 2120 1167 2139 ve-

169 2159 231 2180 ram
252 2150 365 2180 Sanc‘ite
390 2151 499 2180 Mortis
526 2151 620 2180 ideam
642 2151 793 2181 inculcare
820 2151 916 2180 Vobis
938 2152 1027 2181 hooie
1052 2160 1167 2191 propo-

168 2191 237 2225 sui,
265 2191 402 2229 limulque
425 2191 618 2220 Meditationi
642 2191 752 2219 Velirze
776 2191 939 2227 subjicere,
974 2193 1060 2229 quam
1090 2189 1167 2219 inse-

169 2231 212 2260 lix
249 2230 279 2259 fit
302 2233 376 2261 malo
399 2230 554 2260 Sacerdoti
582 2230 677 2259 fat-ahs
704 2230 753 2261 hic
775 2234 810 2261 ad
844 2231 1033 2260 teternitatem
1064 2230 1166 2259 tranli-

170 2277 241 2305 tus‚·
266 2272 350 2307 quarn
379 2270 488 2299 Faustus
519 2272 622 2300 contra
648 2269 678 2298 &
704 2271 878 2309 exoptabilis
907 2271 949 2301 illi
966 2291 974 2304 ,
1002 2271 1053 2309 qui
1079 2269 1166 2306 digne

171 2309 367 2340 ministerium
390 2310 472 2339 suum
498 2310 681 2348 adimplevit.
715 2308 1164 2346 Attendite,Dilenitiimi‚rem

171 2350 249 2378 enim
274 2350 386 2384 trafito,
407 2359 441 2378 ex
466 2359 522 2387 qua
542 2348 702 2379 Felicitatis
727 2350 832 2380 nostrae
857 2351 965 2380 summa
987 2350 1142 2389 dependet.

206 2389 310 2425 (Mors
331 2393 454 2417 omnibus
474 2393 630 2418 hominihus
655 2394 690 2429 est
710 2393 893 2419 inevitabilis.
916 2391 993 2420 ch.
1016 2398 1044 2427 9.
1064 2394 1073 2424 j
1098 2392 1165 2419 Sm-

172 2438 262 2461 tutum
281 2433 314 2465 est
325 2431 571 2466 hominihussemel
588 2433 670 2463 mori,
688 2434 747 2469 post
770 2435 820 2459 hoc
843 2442 932 2459 autem
948 2434 1102 2467 judicium,
1118 2430 1164 2459 in-

171 2466 237 2506 quit
259 2468 294 2495 ad
309 2467 452 2498 Hacbreos
474 2470 633 2508 Apostolus
648 2479 656 2500 ς
671 2478 758 2508 atque
772 2471 817 2498 hie
832 2471 897 2499 duae
918 2470 1076 2503 veritam,
1090 2479 1163 2506 qua-

172 2516 238 2537 rum
263 2506 383 2544 primam
418 2510 504 2538 docet
536 2508 739 2548 experientia,
762 2511 878 2538 alteram
908 2509 1017 2543 Fides,
1048 2508 1165 2537 maximi

172 2545 306 2588 protetio
329 2548 468 2575 momenti
489 2548 634 2583 sunt,nec
656 2548 719 2577 satis
740 2550 774 2577 ab
798 2549 917 2578 homine
931 2548 1042 2586 pensari
1057 2549 1167 2577 valent.

214 2585 363 2615 Morimur
385 2594 484 2623 utique
505 2598 604 2618 omnes
619 2608 627 2621 ,
655 2588 683 2617 ἃ
704 2589 761 2617 sive
785 2588 882 2619 justus
905 2588 956 2620 iis,
976 2589 1034 2617 five
1058 2597 1166 2625 pecca-

173 2631 243 2660 tor,
271 2626 328 2656 live
352 2625 416 2655 Rex
431 2646 440 2659 ,
463 2627 520 2656 sive
540 2629 694 2662 subditum
722 2630 778 2659 five
804 2629 888 2658 dives
905 2647 915 2663 ,
942 2628 1000 2657 live
1027 2637 1162 2668 pauper;

1238 184 1296 212 five
1319 183 1440 221 stultus,
1465 185 1523 215 five
1552 185 1664 226 sapiens
1679 204 1691 220 ,
1711 183 1786 216 hanc
1819 183 1903 216 semel
1928 183 2038 216 subibis
2065 185 2240 218 hominibus

1238 223 1360 261 positam
1374 224 1479 261 legem.
1500 225 1588 255 Mors
1608 224 1717 255 nemini
1737 224 1831 263 parcit
1845 236 1853 259 3
1868 234 1920 255 nec
1938 236 2012 255 auro
2026 246 2035 261 ,
2049 235 2102 256 nee
2116 235 2244 264 argento

1238 262 1419 301 redimitum
1453 273 1506 293 nec
1531 265 1698 295 Potentiam
1721 265 1825 294 metuit
1845 285 1854 299 ‚
1876 274 1930 294 nec
1956 265 2136 302 Majestatem
2160 277 2167 296 :
2191 266 2242 295 sed

1237 299 1359 340 Sceptra
1382 310 1478 340 aequat
1497 304 1670 341 ligonibus,
1693 302 1723 335 &
1747 306 1778 333 in
1802 304 1862 333 ictu
1888 305 1969 334 oculi
1996 305 2096 341 dejicit
2118 305 2243 334 illustres

1237 340 1306 370 illos
1327 342 1462 371 lium-ante
1484 345 1626 380 potentia:
1650 342 1776 373 colossos
1790 363 1800 377 ,
1818 343 1834 372 ὲ
1858 353 1987 382 quorum
2011 344 2135 382 imperio
2150 344 2242 383 paulo

1237 389 1304 409 ante
1318 382 1464 419 pendebat
1487 381 1574 412 Orbis
1595 382 1754 413 Terrarum
1767 402 1778 418 ,
1797 382 1827 413 δι
1841 384 1878 412 ad
1897 393 2024 422 quorum
2046 392 2150 413 nutum
2165 392 2240 414 cou-

1236 420 1432 450 tremiscebat.

1274 459 1440 489 stemmatis
1462 459 1598 495 claritas,
1620 461 1768 491 honorum
1781 460 1861 490 tituli
1875 484 1883 497 ‚
1899 462 2062 491 sublimitas
2082 460 2237 496 scientiae3

1235 499 1381 537 quidquid
1392 500 1563 528 deliciarum
1580 499 1610 530 c&
1625 500 1855 538 pulchritudinis
1869 502 1976 531 habent
1990 509 2145 536 c,reaturae,·
2155 501 2244 538 quid.-

1234 539 1305 575 quid
1332 539 1362 567 in
1385 538 1500 567 divitiis
1527 547 1576 568 aut
1610 540 1675 569 aliis
1700 539 1853 577 quibusvis
1881 542 1969 570 rebus
1996 542 2126 570 occurrit
2149 549 2241 579 appe-

1233 577 1339 612 tibile,
1357 585 1452 607 totum
1479 578 1537 607 hoc
1559 579 1635 617 perit
1659 578 1812 614 morienti,
1838 588 1891 609 nec
1908 580 2039 619 'amplius
2060 589 2164 610 eorum
2188 579 2243 609 ali-

1234 617 1306 655 quid
1332 616 1458 655 superest
1483 618 1538 646 nist
1563 617 1683 652 fumus,
1704 619 1828 653 umbra,
1854 619 1980 648 vanitas.

1273 656 1364 690 Sola,
1388 656 1449 685 sola
1473 656 1597 693 superest
1608 658 1724 691 anima,
1749 658 1996 696 corruptibilibus
2011 658 2098 687 rebus
2117 657 2176 688 istis
2189 658 2239 688 su-

1232 696 1425 734 pervistura;
1455 695 1503 725 sed
1526 696 1588 725 haec
1613 695 1674 737 ipsa
1696 703 1763 726 ante
1784 697 1916 728 severum
1937 697 2074 736 Supremi
2097 697 2241 728 Numinis

1233 735 1381 765 Tribunal
1399 744 1437 764 eo
1462 744 1613 765 momento
1636 735 1737 764 fistitur
1751 758 1760 770 ‚
1784 737 1835 766 ubi
1858 737 1993 775 rigoroso
2015 736 2143 773 subjeea
2167 747 2237 767 exa-

1233 774 1326 808 mini,
1349 774 1416 803 Deo
1441 773 1515 808 suo,
1536 775 1588 812 qui
1613 775 1756 804 scrutatur
1781 777 1872 805 corda
1905 775 1934 805 δι
1963 785 2067 809 renes,
2091 776 2237 805 rationem

1233 813 1431 842 exactiiiimam
1462 814 1585 843 reddere
1608 814 1728 851 cogitur
1753 814 1790 844 de
1823 814 1961 844 omnibus
1976 835 1984 849 ‚
2005 823 2071 852 quae
2094 815 2241 852 cogitavit

1234 862 1373 891 umquam
1386 875 1395 887 ,
1415 861 1483 891 qute
1498 853 1569 882 dixit
1584 876 1594 888 ‚
1613 862 1680 891 quie
1704 861 1793 893 opere
1806 855 1917 892 peregit
1930 854 1961 882 in
1977 863 2104 893 corpore
2119 854 2210 892 polita
2224 864 2236 887 ς

1233 900 1321 931 atque
1341 893 1378 921 de
1398 892 1513 930 lingulis
1535 893 1695 930 dijudicata
1709 912 1719 928 ‚
1742 902 1798 932 pro
1821 894 1931 924 meritis
1942 892 2030 922 refert
2043 893 2214 923 sententiam
2228 912 2241 929 ,

1233 941 1283 961 aut
1305 932 1421 961 felicem
1435 952 1444 966 ‚
1466 940 1515 961 aut
1537 932 1701 963 infaustam.

1273 975 1284 1009 (
1298 974 1360 1010 Post
1368 975 1611 1010 mortemseqm'tur
1621 974 1753 1000 terribilis
1767 975 1926 1001 AEtemr'ras
1938 995 1947 1007 ‚
1968 984 2027 1010 quce
2039 974 2203 1011 expenditur
2219 974 2237 1008 )

1233 1009 1273 1039 Et
1295 1011 1357 1040 hzec
1384 1011 1503 1051 quidem
1527 1011 1640 1041 homini
1654 1011 1751 1042 cuivis
1765 1032 1774 1046 ‚
1793 1011 2057 1050 etiamjustitlimo,
2080 1014 2235 1042 horrorem

1232 1050 1364 1080 incutere
1386 1058 1452 1080 nata
1477 1051 1565 1082 sunt;
1592 1051 1639 1080 sed
1665 1050 1825 1080 terribilius
1849 1052 1946 1081 adhuc
1967 1053 2078 1089 aliquit!
2102 1050 2237 1081 conlide-

1233 1091 1355 1119 randun
1379 1090 1427 1119 hic
1449 1092 1554 1123 venit,
1579 1089 1683 1128 nempe
1701 1089 1864 1121 AEternitas
1879 1110 1888 1124 ‚
1909 1101 1974 1131 quae
1998 1093 2056 1121 hoc
2078 1091 2140 1130 ipso
2163 1097 2239 1119 tem-

1234 1128 1317 1166 poris
1329 1129 1444 1158 instanti
1459 1130 1618 1160 inchoatur
1635 1140 1643 1162 3
1659 1130 1688 1158 id
1701 1131 1739 1158 est
1753 1151 1762 1163 ,
1783 1130 1900 1160 duratio
1914 1133 1963 1161 illa
1976 1132 2031 1160 11118
2044 1133 2100 1162 fine
2113 1150 2121 1163 ,
2146 1138 2237 1167 quam

1235 1177 1322 1198 nemo
1342 1169 1470 1199 nostrum
1494 1169 1652 1208 concipere
1665 1188 1673 1203 ,
1700 1177 1787 1199 nemo
1802 1171 1850 1199 vel
1863 1169 2034 1209 imperfecte
2049 1171 2126 1199 valet
2141 1176 2237 1198 mente

1235 1207 1343 1246 assequi
1357 1227 1366 1240 ,
1387 1216 1436 1237 aut
1459 1208 1584 1245 imagine
1607 1208 1731 1247 quadam
1753 1209 1936 1238 adumbrare.

1274 1246 1460 1276 AEternitatis
1482 1248 1562 1277 illius
1584 1247 1649 1277 idea
1666 1268 1674 1282 ‚
1694 1246 1827 1285 profi-&o
1841 1248 1882 1278 nil
1899 1248 1954 1278 nisi
1969 1249 2056 1279 dulce
2078 1247 2107 1278 &
2122 1248 2236 1284 jucun-

1235 1285 1305 1317 dum
1324 1287 1474 1316 animabus
1497 1287 1556 1316 istis
1579 1286 1683 1316 offeret
1697 1305 1706 1321 ‚
1728 1295 1794 1324 quae
1810 1288 1868 1325 jam
1893 1288 1928 1316 de
1942 1287 2018 1317 sorte
2038 1287 2088 1316 sua
2102 1287 2210 1316 securae
2223 1306 2237 1320 ,

1233 1325 1324 1355 scient
1347 1327 1405 1356 sese
1428 1327 1568 1356 :eternum
1599 1335 1666 1357 cum
1690 1325 1757 1355 Deo
1784 1335 1952 1363 regnaturas
1967 1348 1976 1361 ,
2001 1327 2030 1357 &
2056 1329 2090 1354 ab
2115 1324 2235 1356 κάει-πάις

1234 1367 1331 1393 demtis
1354 1366 1429 1402 Ejus
1443 1365 1640 1396 inebriandus.
1660 1367 1672 1402 (
1690 1365 1793 1394 Psalm.
1816 1374 1853 1403 35
1876 1370 1887 1402 >
1906 1366 1979 1404 Quis
1997 1366 2073 1397 enim
2088 1375 2148 1395 non
2172 1365 2236 1395 vel-

1233 1405 1271 1434 let
1295 1404 1351 1434 sine
1375 1407 1429 1434 fine
1449 1407 1595 1442 gaudere,
1618 1404 1674 1433 stne
1697 1405 1752 1433 fine
1774 1414 1876 1441 pacem
1902 1405 1979 1435 inam
2009 1417 2066 1445 quae
2100 1414 2235 1442 exuperat

1232 1456 1338 1472 omnem
1350 1446 1461 1480 sensum
1487 1443 1635 1483 degustare
1650 1445 1655 1472 !
1678 1446 1693 1480 (
1709 1443 1785 1474 Phil.
1809 1447 1860 1481 4.)
1878 1444 1935 1473 Sed
1953 1446 2028 1474 eheu
2044 1447 2049 1473 Ξ
2074 1444 2160 1481 quam
2175 1452 2237 1472 ter-

1232 1483 1356 1514 ribiliter
1375 1484 1527 1514 concutiet
1542 1506 1550 1518 ,
1571 1490 1683 1523 quanto
1712 1484 1835 1522 replebit
1866 1484 1991 1514 horrore
2015 1482 2146 1514 infelices
2170 1483 2236 1511 illas

1231 1523 1342 1552 animas
1355 1542 1364 1558 ,
1388 1531 1454 1560 quie
1477 1523 1645 1557 videbunt,
1668 1522 1697 1553 se
1715 1522 1745 1553 in
1770 1530 1909 1552 :eternum
1926 1524 2051 1552 addi-fias
2065 1521 2187 1551 flammis
2197 1521 2237 1550 il-

1232 1562 1269 1592 lis
1292 1562 1505 1592 devorantibus
1519 1582 1528 1599 ,
1548 1570 1635 1600 atque
1663 1561 1694 1591 in
1723 1563 1872 1592 tremenda
1895 1562 2001 1592 inferni
2026 1561 2125 1602 abyffo
2149 1569 2236 1591 aeter—

1234 1601 1303 1630 num
1318 1621 1327 1636 ,
1350 1601 1406 1630 line
1425 1603 1480 1630 fine
1505 1602 1678 1631 cruciandas
1697 1600 1772 1631 fore.

1264 1640 1382 1671 Animae
1391 1641 1516 1680 iflaejam
1525 1641 1629 1671 solutae
1640 1641 1675 1669 ab
1687 1641 1767 1670 omni
1778 1641 1909 1680 pondere
1924 1650 2083 1681 corporeo,
2093 1641 2149 1678 jam
2159 1638 2236 1670 libe-

1233 1689 1303 1710 ratae
1320 1682 1334 1709 'a
1351 1681 1539 1710 fascinatione
1553 1684 1724 1720 nugacitatis
1735 1689 1801 1719 qua:
1809 1684 1930 1717 ulfi-urar
1940 1684 2021 1714 bona,
2033 1680 2119 1718 (Sap.
2132 1689 2152 1715 4
2164 1682 2173 1716 )
2183 1688 2237 1717 pe-

1232 1720 1306 1749 riiss'e
1317 1720 1418 1750 vident
1431 1732 1522 1750 omnes
1535 1725 1714 1762 cogitationes
1735 1723 1799 1750 suas
1814 1722 1842 1757 ,(
1859 1720 1956 1750 Psalm.
1985 1722 2066 1756 145.)
2077 1726 2234 1756 totumque

1233 1759 1306 1789 illud
1321 1759 1419 1789 abiisse
1437 1761 1466 1789 in
1490 1760 1622 1795 fumum,
1637 1761 1716 1797 quod
1730 1761 1876 1798 superbia,
1889 1762 1969 1797 quod
1989 1759 2110 1788 ambitio
2123 1781 2131 1793 ,
2153 1758 2236 1796 quod

1234 1799 1476 1837 concupiscentia
1490 1800 1670 1838 suggerebat.
1690 1799 1752 1831 Jam
1764 1798 1866 1829 intime
1880 1799 2025 1830 convic‘ize
2037 1799 2101 1829 sunt
2112 1818 2121 1833 ,
2132 1799 2161 1828 in
2175 1799 2235 1828 sola

1234 1838 1292 1867 Dei
1323 1839 1491 1869 Poll'elli0ne
1515 1847 1607 1868 totam
1635 1839 1781 1869 contineri
1810 1839 1938 1867 hominis
1962 1839 2144 1867 felicitatem
2159 1859 2168 1873 ‚
2189 1849 2235 1870 at-

1234 1887 1292 1916 que
1313 1877 1381 1907 ideo
1396 1879 1497 1908 versus
1511 1879 1682 1910 Creatorem
1702 1878 1785 1908 suum
1807 1878 1942 1907 violento
1955 1876 2234 1916 ferunturimpetu,

1235 1919 1484 1955 quemadmodum
1509 1918 1540 1946 in
1565 1917 1684 1956 scopum
1714 1917 1807 1946 fertur
1826 1917 1926 1954 sagssta
1948 1916 2044 1946 valida
2074 1926 2160 1946 manu
2186 1918 2234 1948 vi-

1236 1958 1327 1986 brata.
1361 1957 1416 1986 Sed
1438 1959 1513 1986 eheu
1529 1959 1534 1985 !
1553 1957 1749 1995 potentiorem
1763 1956 1889 1986 sentiunt
1904 1955 2059 1985 Dexteram
2071 1976 2080 1990 ,
2106 1965 2171 1993 quae
2184 1958 2233 1996 ip-

1231 1996 1274 2025 sas
1300 1997 1414 2035 repellit
1439 1997 1468 2026 &
1493 1998 1522 2025 in
1548 1996 1693 2026 turbinem
1717 1995 1902 2025 tenebrosum
1926 1994 2077 2030 detrudit,
2097 1996 2148 2026 ubi
2163 1998 2243 2026 hore,

1233 2045 1283 2065 ror
1297 2056 1306 2070 ,
1328 2037 1379 2065 ubi
1392 2043 1553 2069 tormenta,
1569 2036 1620 2065 ubi
1633 2035 1707 2072 ignis
1719 2034 1975 2071 inextinguibilis,
1994 2034 2046 2066 ubi
2061 2035 2133 2066 mala
2149 2044 2234 2075 quae-

1235 2075 1282 2104 vis
1304 2074 1379 2114 ipsas
1401 2075 1540 2105 :eternum
1563 2076 1712 2109 obruent,
1733 2074 1872 2104 aeternum
1896 2074 2082 2104 cruciabunt.

1274 2115 1405 2144 Mortem
1437 2115 1621 2144 invocabunt
1648 2114 1751 2143 animae
1781 2113 1862 2147 illae,
1882 2114 1929 2142 sed
1954 2113 1987 2143 in
2010 2122 2118 2143 vanum
2133 2136 2142 2149 ,
2163 2114 2235 2152 quia

1235 2153 1313 2182 mori
1344 2163 1404 2184 non
1433 2161 1582 2192 poterunt.
1616 2153 1670 2183 Nn
1694 2154 1858 2192 proderunt
1888 2153 2052 2192 lacrymte,
2075 2154 2237 2190 singultus,

1234 2193 1360 2229 ejulatus
1378 2204 1385 2226 ;
1401 2195 1468 2231 quia
1488 2193 1630 2231 praeteriit
1649 2192 1866 2222 Misericordiae
1888 2195 2023 2231 tenipus,
2044 2193 2072 2221 ἃ
2095 2194 2235 2237 projesta:

1234 2232 1299 2261 sunt
1321 2234 1351 2262 in
1375 2233 1520 2263 caminum
1541 2232 1634 2269 ignis,
1656 2241 1742 2270 quem
1762 2231 1896 2261 accendit
1916 2231 1997 2261 furor
2019 2232 2163 2267 Domini,
2184 2233 2237 2271 qui

1233 2274 1339 2300 ardebit
1360 2275 1441 2310 usquc
1466 2276 1505 2300 ad
1522 2274 1625 2309 infimi
1647 2274 1797 2309 novjffimcn
1816 2275 1826 2309 (
1842 2272 1933 2302 Dent.
1947 2275 2022 2309 32.)
2045 2273 2147 2309 Atque
2161 2273 2238 2302 iuter

1235 2312 1298 2341 haec
1321 2312 1418 2341 omnia
1440 2313 1516 2341 nulla
1539 2311 1601 2349 spes
1622 2310 1769 2349 fulgebit,
1791 2312 1870 2339 nulla
1885 2312 2062 2342 consolatio.
2082 2311 2200 2341 Etenim
2216 2311 2236 2342 1ἰ

1234 2352 1414 2390 prteteritum
1436 2350 1590 2389 respiciant
1610 2358 1746 2389 tempus,
1768 2351 1906 2380 redibunt
1928 2352 1957 2379 in
1982 2351 2150 2381 memoriam
2174 2351 2235 2380 cri-

1236 2391 1312 2421 mina
1328 2411 1338 2424 ,
1358 2399 1423 2429 quae
1445 2392 1597 2420 rodentem
1616 2391 1698 2419 illum
1713 2389 1899 2420 conscientia:
1922 2399 2049 2420 vermem
2067 2390 2236 2420 incitabant

1237 2429 1267 2461 δί
1289 2431 1431 2460 acriorem
1453 2430 1586 2460 efficient.
1607 2430 1638 2459 Si
1651 2431 1731 2466 quod
1751 2430 1876 2467 priesens
1895 2429 1933 2458 est
1949 2432 2141 2464 intueantur,
2161 2430 2235 2468 quid

1236 2471 1332 2500 eheu!
1354 2471 1381 2499 se
1412 2471 1499 2500 offert
1525 2470 1741 2506 undequaque,
1765 2468 1821 2498 nin
1849 2477 2063 2500 tormentorum
2087 2470 2235 2500 horrenda

1233 2509 1400 2546 congeries.
1421 2510 1452 2539 Si
1465 2512 1500 2539 de
1512 2508 1614 2538 futuro
1628 2508 1757 2545 cogitent
1773 2531 1781 2542 ,
1800 2510 1946 2547 opprimet
1960 2511 2008 2539 hic
2032 2509 2110 2548 ipsos
2129 2507 2234 2538 Biter-

1232 2548 1331 2578 nitatis
1351 2551 1468 2587 pondus
1482 2569 1490 2583 ‚
1517 2548 1601 2584 cujus
1616 2548 1713 2584 imago
1727 2549 1836 2586 semper
1851 2549 2013 2579 versabitur
2027 2557 2092 2578 ante
2105 2549 2209 2577 oculos
2223 2567 2234 2583 ,

1234 2587 1263 2620 ἃ
1286 2589 1401 2627 lingulis
1423 2588 1577 2620 momentis
1598 2587 1725 2626 experiri
1740 2589 1963 2627 quodammodo
1984 2588 2062 2631 ipsos
2085 2595 2170 2628 coget
2182 2594 2231 2618 to-

2172 2672 2232 2699 tam
