2414 3105
225 87 295 147 16

684 78 1013 167 Algemeyne
1044 79 1433 168 Verzamelinge
1468 83 1560 145 der
1595 79 1821 145 lVerke'n

1244 200 1365 236 ῑεὲ-Ῐ·

2139 182 2281 275 Q

218 293 387 327 Praenobili
400 314 410 331 ‚
432 293 675 334 Reverendoque
689 293 848 326 admodum
864 303 902 326 ac
926 295 1038 326 eximio·
1063 294 1196 326 Domino
1210 316 1220 331 ‚
1247 293 1576 338 DominoJACOBO
1591 293 2008 339 THOMAEJOSEPHO
2031 293 2289 333 WELLENS,

266 341 515 385 Antverpt'enfi‚
535 343 621 385 juris
640 344 794 384 utriusque
818 342 995 374 Licentiato
1013 342 1140 386 Collegit
1161 342 1275 375 Sanaae
1296 344 1421 380 Annae,
1444 342 1575 385 Praefidi
1597 344 1779 386 meritiffimo
1802 346 1833 377 ἱη
1855 345 1956 377 Sacra
1977 344 2135 386 facultate
2159 342 2288 376 Theolo-

264 396 342 437 gc'c'a
360 392 467 424 Almae
487 390 706 433 Univerfitatis
727 390 928 433 Lovanienfis
949 392 1091 424 Gradum
1110 392 1293 435 Magisterii
1308 393 1429 434 summa
1452 402 1519 424 cum
1540 393 1632 425 laude
1649 395 1841 437 consequenti
1857 416 1867 433 ‚
1891 395 1940 426 die
1963 401 1992 433 3.
2015 393 2155 437 Augusti
2184 391 2286 435 1756-

219 462 523 547 SICunS'torum
545 505 696 545 animos,
722 509 753 540 &
774 504 910 550 publica
932 515 1012 541 vota
1032 518 1187 554 rogemus
1203 529 1213 549 ,

217 562 301 602 Quae
322 569 391 591 non
418 555 508 590 musa
529 563 602 589 tuas
621 555 775 590 Celebret
796 557 966 590 Laetiffima
989 558 1105 598 dotes,

218 610 349 655 Ingenii
370 605 486 640 mirata
511 607 632 643 dcem,
656 606 820 650 studiique
843 607 1029 650 triumphos
1050 631 1060 647 ,

215 661 332 704 Atque
353 654 577 694 immortales,
603 665 687 700 quos
713 652 795 687 olim
819 653 920 697 pallas
945 656 1094 690 honores

218 707 391 743 Attribuit
413 706 592 739 WELLENE
608 704 699 737 tibi?
723 702 806 744 Quis
824 707 969 746 carmine
989 706 1093 749 digno

218 758 491 792 Commemoret‚
517 751 710 798 Laudesque
728 751 811 795 stylo
831 763 896 785 non
914 751 1034 787 scribat
1054 753 1163 788 inerti.

219 808 268 842 At
288 804 390 843 milii,
413 798 469 836 cui
488 800 617 835 tantum
638 812 708 835 non
730 800 920 835 concescere
942 812 1096 836 camoenae
1118 826 1129 843 ,

219 855 387 889 Sufficeret
405 852 500 885 dotes
521 849 657 891 mirari,
684 852 715 884 δι
735 854 855 884 mentis
876 861 1016 885 acumen

218 905 382 942 Cernere,
408 899 468 945 qfii
490 900 570 933 vero
596 907 746 939 taceam3
772 899 852 932 dum
877 899 983 935 vincit
1007 903 1130 934 amoris

217 952 284 987 'Vis
305 947 461 987 immensa
486 956 613 982 metum
630 948 647 979 ?
672 949 764 993 Ergo
784 948 864 982 mihi
885 948 1099 984 celebrabere
1120 947 1214 984 versu

219 1003 537 1043 Quantumcumque
552 997 626 1032 rudi
643 1021 653 1038 ‚
682 995 839 1043 cunisque
864 1000 1018 1033 exordiar
1039 999 1108 1043 ipsis
1122 1023 1133 1040 ,

219 1054 273 1085 Sic
293 1051 408 1088 decet,
428 1050 460 1081 δι
479 1046 575 1080 studii
598 1045 716 1081 titulos
740 1045 877 1080 laudare
899 1050 1044 1082 vetustos

219 1100 303 1134 Mos
320 1099 426 1142 jubet.
445 1098 560 1142 Atque
580 1097 715 1141 quidem
731 1099 872 1130 veniunt
891 1105 965 1130 ante
978 1101 1096 1132 omnia
1115 1099 1219 1133 Lauri

220 1148 395 1188 Palladiae3
413 1156 555 1192 quarum
577 1145 746 1191 quondam
767 1144 901 1179 millena
920 1151 1047 1189 paravit

221 1200 313 1232 Serta
329 1198 386 1231 sibi
404 1194 552 1239 juvenile
574 1202 693 1238 caput,
726 1196 859 1239 quando
882 1195 993 1229 omnia
1013 1197 1120 1230 vietor

220 1248 332 1281 Prima
354 1244 452 1279 tulit:
479 1245 573 1277 testes
589 1242 668 1278 socii
682 1250 702 1283 ,'
718 1241 868 1289 testisque
891 1243 1046 1279 laborum

221 1296 315 1329 Urbs
342 1296 491 1337 Anverfa
522 1292 614 1328 fuit:
639 1294 715 1327 Post
735 1294 873 1336 praestita
902 1305 1039 1329 munera
1063 1295 1185 1338 phoebo
1207 1318 1218 1334 ‚

223 1344 324 1379 Nulli
343 1353 409 1378 tam
428 1342 596 1382 unanimi,
622 1349 688 1376 tam
710 1340 788 1376 laeto
806 1353 976 1377 murmure
994 1343 1146 1387 plausum
1175 1346 1220 1379 est

222 1395 342 1429 Suetus
366 1392 492 1436 semper
514 1402 585 1426 eras
611 1390 685 1425 altis
708 1390 902 1425 incumbere
920 1393 1017 1427 Curis
1037 1417 1046 1432 ‚

222 1442 377 1477 Utilibus
403 1450 549 1475 mentem
574 1439 731 1487 igniculis
753 1443 957 1482 accendere,
983 1443 1099 1477 doctos

221 1492 413 1526 Exliaurire
435 1490 563 1525 libros:
589 1490 671 1536 quid
691 1490 926 1524 commentaria
943 1493 1017 1536 Juli
1036 1515 1046 1532 ‚

222 1542 313 1583 Quid
333 1543 423 1574 Titus
446 1542 477 1573 &
499 1540 633 1578 Florus,
667 1540 766 1572 Maro
788 1538 841 1574 vel
869 1542 1021 1585 congessit
1045 1543 1218 1581 Homerus,

222 1592 314 1631 Quid
325 1591 456 1623 Tacitus
470 1612 480 1628 ‚
507 1590 622 1622 Seneca
633 1611 642 1627 ‚
658 1590 688 1621 δι
701 1589 790 1632 Lipsi
804 1588 1004 1623 documenta
1020 1591 1218 1625 recundunt.

223 1641 302 1674 Nec
323 1638 402 1673 stitit
433 1638 487 1672 hic
507 1640 658 1677 animus,
684 1635 737 1671 sed
761 1646 792 1670 te
815 1640 855 1672 ad
877 1642 978 1684 magis
999 1638 1065 1672 alta
1083 1640 1220 1683 parasti,

224 1687 398 1736 Quidquid
421 1688 605 1730 Aristoteles
630 1696 752 1731 magno
775 1697 851 1721 cum
874 1689 1001 1722 Socrate
1023 1690 1137 1734 pandit
1160 1711 1170 1728 ‚

228 1739 273 1773 Et
291 1736 382 1771 docti
405 1737 550 1771 docuere
569 1738 667 1770 Senes
681 1759 690 1774 2
711 1738 746 1769 in
770 1738 851 1769 flore
871 1736 1017 1779 juventa:

226 1786 379 1821 Callebas
392 1808 401 1825 ‚
421 1784 616 1830 poterasque
634 1783 747 1818 senum
769 1784 915 1819 consulta
934 1789 1067 1822 morari.

227 1835 402 1880 Responsis
426 1834 564 1879 persaepe
589 1834 664 1868 tuis.
688 1834 844 1878 Suffragia
865 1836 983 1868 cuncTta

227 1887 378 1921 Primum
401 1893 432 1919 te
459 1887 590 1918 tandem
614 1882 822 1918 declaravere
849 1883 1038 1928 sophorum.

229 1937 389 1969 Summus
411 1945 482 1967 eras
504 1932 642 1969 falconis
665 1934 791 1971 honos,
822 1936 852 1967 δι
874 1932 1000 1968 summa
1020 1932 1175 1977 voluptas

232 1987 324 2023 Ante
348 1985 464 2018 decem
487 1984 619 2019 brumas
633 2007 641 2023 ,
663 1992 762 2028 atque
779 1982 1000 2017 invictiffirnus
1021 1985 1117 2017 heros

230 2034 529 2079 Magnanimorum
551 2033 637 2068 inter
653 2032 831 2078 pugnantia
852 2034 950 2066 castra
968 2032 1148 2080 sophorum
1166 2044 1175 2067 :

233 2084 372 2128 Ingenio
395 2085 425 2117 δι
445 2084 553 2117 studio
568 2105 578 2122 ‚
604 2084 635 2115 δι
658 2082 810 2125 prompta
831 2085 952 2116 virtute
972 2082 1105 2116 labores

234 2126 414 2167 Exantlare
434 2141 573 2176 potens,
597 2129 718 2165 soc-iani
740 2130 842 2177 longo
869 2132 986 2164 ordine
1009 2141 1142 2177 gentem

238 2180 386 2216 Vincere
399 2205 408 2219 ‚
434 2185 465 2218 &
483 2182 632 2227 ingentes
652 2180 751 2214 modo
773 2181 946 2214 Laudibus
966 2183 1084 2215 addere
1106 2180 1230 2214 laudes.

239 2230 329 2271 Quid
347 2229 484 2268 referam
508 2230 649 2265 sublime
675 2232 796 2268 decus,
822 2230 996 2279 partesque
1019 2232 1205 2274 triumphos
1220 2253 1230 2270 ,

239 2281 285 2315 Et
307 2281 478 2319 cumulum
502 2280 725 2314 meritorum?
753 2279 844 2314 Urbs
867 2283 1059 2323 Anverf'ana
1084 2280 1232 2315 manebit

243 2328 384 2366 Illorum
412 2333 475 2369 fine
499 2332 560 2364 fine
581 2339 708 2363 memor
723 2354 731 2369 ‚
758 2328 980 2375 grudiunique
1004 2329 1148 2373 lycaeum

244 2376 367 2413 Inserct
390 2384 518 2414 aeternis
539 2381 657 2415 meriti>
680 2381 769 2414 dona
790 2378 914 2423 inclyta
939 2377 1034 2414 fastis.

243 2428 449 2471 Obstupuere
469 2429 552 2469 viri,
573 2428 739 2475 coetusque
759 2429 967 2462 academicus
986 2429 1096 2463 omnis

247 2477 427 2512 wratis-iio
447 2490 549 2523 nuper
569 2480 668 2513 det-Tro
688 2478 721 2512 in
745 2476 874 2510 falcone
889 2479 1029 2512 docente
1049 2501 1060 2517 ‚

246 2525 422 2569 Ptaeclaras
442 2529 534 2571 plenc
556 2527 722 2562 nor-escere
743 2531 894 2569 protinus
918 2536 1012 2561 artes.

249 2575 325 2608 Nec
351 2575 422 2610 satis
447 2578 516 2611 hsce
540 2578 589 2611 illi
615 2575 708 2611 sunt:
731 2577 884 2621 indagare
915 2578 997 2621 quid
1018 2588 1151 2622 :equum

253 2624 297 2662 Et
316 2628 443 2662 rectum
462 2629 497 2660 sit
510 2650 519 2666 ‚
545 2625 608 2661 sert
622 2627 759 2661 animus.
782 2627 902 2672 Neque
927 2625 979 2670 spe
1004 2637 1116 2662 minor
1134 2625 1186 2663 illi

1280 507 1432 554 Contigit
1459 516 1617 542 eventus:
1644 509 1842 545 meritissima
1866 519 2010 555 namque
2036 507 2163 553 paravit

1281 560 1372 591 Serta
1391 557 1446 591 sibi
1460 581 1469 597 ‚
1496 557 1585 591 baud
1607 559 1671 592 una
1692 559 1749 605 qui
1766 561 1874 594 vietor
1898 558 2016 593 fronde
2037 560 2177 592 decorus
2200 567 2209 591 ι

1285 609 1403 652 Sicque
1433 614 1624 652 togatorum
1645 607 1782 643 lucescit
1800 613 1835 643 in
1856 609 1972 643 ordine
1993 617 2136 651 patrum.

1279 656 1356 703 Jani
1380 666 1488 688 novus
1507 657 1628 689 eximia
1650 656 1833 700 resplendet
1849 657 1881 691 in
1903 657 2028 692 aedibus
2047 659 2165 691 ANNAE

1283 706 1376 738 Luce
1399 705 1523 743 decor,
1546 705 1665 739 volitat
1687 716 1754 740 vox
1771 706 1919 752 undique
1939 706 2014 740 latta
2033 716 2089 750 per
2111 705 2210 738 urbes

1281 752 1478 799 Belgarum,
1503 754 1661 787 eximium
1682 755 1761 788 dum
1781 754 1844 789 fert
1865 757 2060 790 Wmimus
2084 756 2258 788 honorem.

1283 803 1468 847 Brugarum
1491 800 1662 848 postquam
1688 804 1809 846 Praefitl
1829 805 2046 848 dignissimus,
2072 805 2188 838 Auum

1283 851 1398 897 Liquit
1422 850 1524 885 fraena
1544 851 1667 886 domus
1680 875 1690 891 ‚
1711 860 1793 886 tunc
1815 852 1872 886 isse
1891 851 2003 886 relidia
2024 853 2163 895 capeffit.

1282 903 1425 945 Optatus
1447 900 1607 935 success'or
1631 903 1736 941 adest,
1758 899 1945 948 gressusque
1968 902 2082 935 beatos

1285 950 1428 984 Praefidis
1447 953 1561 984 eximii
1589 949 1691 997 legit,
1715 954 1745 985 δι
1767 950 1898 997 vestigia
1921 949 2009 984 sacra

1284 998 1473 1044 Insequitur
1493 1003 1616 1033 virtute
1635 1000 1724 1044 pati,
1745 1000 1904 1045 similique
1927 999 2047 1034 labore

1281 1048 1471 1082 Sollicitum
1496 1050 1626 1083 orditur
1646 1052 1813 1095 regimen,
1836 1047 1984 1094 laetisque
2003 1057 2142 1084 vocatus

1285 1098 1449 1131 Omnibus
1462 1121 1471 1138 ‚
1492 1096 1641 1143 votisque
1667 1100 1736 1132 dies
1756 1098 1821 1132 hoc
1842 1099 1984 1142 praeside
2006 1096 2106 1132 fulsit.

1287 1147 1379 1180 Dum
1398 1147 1522 1191 peperit
1541 1148 1638 1181 nobis
1659 1156 1737 1180 tuus
1762 1147 1967 1182 illustriffime
1991 1147 2118 1191 Praes'ul

1288 1195 1449 1229 Discessus
1470 1196 1597 1230 luctum
1611 1220 1620 1235 ‚
1641 1197 1737 1231 Sacra
1759 1197 1939 1242 dignissime
1963 1197 2060 1230 mitra

1288 1246 1414 1288 Praesul
1435 1246 1526 1284 abis,
1550 1249 1678 1281 invitus
1705 1247 1775 1281 abis
1796 1255 1836 1278 ex
1861 1245 1999 1279 aedibus
2017 1247 2132 1279 ANNAE

1288 1295 1408 1340 Ingens
1428 1297 1537 1329 noster
1561 1304 1676 1334 amor,
1697 1305 1759 1329 nos
1779 1297 1809 1329 δι
1831 1302 1887 1328 tua
1905 1296 2000 1328 chara
2021 1292 2182 1340 relinquis

1288 1346 1408 1384 Atria,
1435 1344 1613 1390 brugarum
1637 1344 1761 1388 populo
1775 1366 1785 1383 ,
1812 1343 1968 1390 cleroque
1989 1352 2130 1376 vocante

1288 1394 1337 1425 Te
1357 1395 1458 1427 decus
1480 1395 1519 1428 ad
1542 1397 1666 1429 mitrae.
1695 1396 1743 1427 Te
1766 1394 1905 1436 Praesule
1927 1391 2037 1426 bellua
2057 1393 2170 1426 turbet

1289 1441 1396 1475 Nulla
1414 1452 1547 1488 gregem
1567 1451 1687 1476 tutum.
1714 1445 1873 1487 Haecque
1895 1450 1970 1476 tuae
1993 1441 2167 1489 praeconia
2187 1439 2295 1475 laudis

1289 1491 1388 1525 Fama
1408 1491 1534 1536 loquax
1555 1500 1685 1525 montes
1702 1491 1830 1535 alpinos
1849 1490 1970 1525 detulit
1991 1489 2100 1530 ultra,

1289 1542 1364 1574 Nec
1384 1538 1458 1573 sane
1477 1538 1543 1573 fuit
1561 1540 1691 1575 antistes
1713 1549 1743 1575 te
1768 1542 1899 1585 dignior
1923 1538 2006 1574 alter
2024 1552 2034 1572 .-

1289 1590 1383 1623 Haec
1404 1600 1469 1624 vox
1488 1600 1555 1622 una
1571 1590 1690 1634 probat
1711 1590 1836 1634 populi.
1861 1590 1914 1622 Tu
1938 1588 2021 1622 mira
2042 1585 2188 1635 refulges

1291 1637 1410 1672 Gloria
1433 1640 1618 1682 pastorum,
1644 1641 1674 1673 δι
1694 1650 1803 1675 rerum
1827 1636 1933 1673 tutela
1952 1639 2134 1673 Sacrarum.

1291 1689 1334 1721 Es
1353 1687 1502 1730 praesens
1520 1691 1632 1723 animo
1646 1711 1655 1726 ‚
1675 1687 1754 1722 licet
1774 1685 1887 1722 absens
1906 1697 2046 1730 corpore
2059 1711 2068 1727 ‚
2089 1687 2186 1721 nobis

1290 1735 1406 1781 Usque
1427 1734 1549 1772 favens.
1573 1738 1672 1771 Sacro
1702 1746 1894 1784 regnantem
1919 1739 1955 1770 in
1976 1736 2122 1771 culmine
2144 1746 2259 1771 rerum

1291 1786 1438 1818 Demiffo
1463 1784 1604 1819 colimus
1625 1785 1744 1826 vultu,
1767 1785 1957 1830 semperque
1982 1785 2141 1820 colemus.

1294 1834 1412 1869 Gratia
1434 1835 1609 1869 Coelitibus
1624 1858 1633 1875 ‚
1652 1847 1712 1878 pro
1737 1844 1831 1870 tanto
1852 1835 1993 1869 Praeside
2015 1833 2132 1868 Praeses

1294 1885 1493 1918 VVELLENUS
1517 1885 1613 1918 datus
1632 1886 1676 1918 est
1689 1909 1699 1923 ‚
1721 1886 1853 1931 vestigia
1877 1882 1964 1918 clara
1983 1887 2102 1927 prioris

1295 1933 1386 1966 Pone
1397 1932 1533 1979 sequens
1543 1956 1552 1972 ‚
1565 1936 1747 1979 ANNffique
1757 1936 1896 1968 domum
1911 1943 1985 1966 cum
1998 1943 2074 1976 pace
2086 1933 2295 1979 gubernans,

1295 1985 1410 2027 Atque
1432 1983 1607 2027 magisterii
1626 1993 1718 2017 nunc
1739 1986 1912 2029 insignitus
1932 1983 2071 2015 honore.

1296 2033 1377 2073 Quis
1397 2042 1466 2065 non
1486 2031 1540 2065 hic
1562 2034 1713 2075 stupeat?
1738 2035 1854 2068 Paucis
1877 2030 2067 2066 labentibus
2086 2035 2204 2074 annis,

1296 2082 1381 2115 Cum
1403 2081 1459 2114 vix
1480 2082 1622 2124 deposita
1641 2081 1800 2128 lanugine
1812 2106 1822 2121 ‚
1841 2084 1947 2117 rarior
1965 2081 2055 2116 albas

1297 2131 1388 2163 Hinc
1411 2142 1449 2164 ac
1472 2133 1549 2165 inde
1572 2142 1670 2176 genas
1691 2131 1820 2167 vestiret
1843 2131 1970 2170 barba,
1989 2130 2133 2167 coruscis

1299 2180 1482 2215 Doctrinae
1512 2190 1606 2214 canet
1628 2181 1747 2220 radiis,
1767 2179 1958 2225 scanditque
1981 2179 2150 2224 supremos

1301 2228 1416 2274 Usque
1438 2231 1559 2275 gradus
1579 2234 1669 2272 (nec
1691 2240 1797 2270 onus,
1820 2240 1880 2262 nec
1899 2226 2012 2272 junior
2025 2229 2151 2263 obstitit
2165 2237 2251 2264 aetas
2264 2233 2298 2272 ε)

1302 2281 1394 2320 Quos
1414 2281 1469 2315 alii
1491 2278 1630 2324 longum
1657 2289 1726 2313 non
1746 2277 1964 2312 conscendere
1982 2288 2040 2323 per
2064 2288 2190 2312 aevum.

1302 2327 1473 2372 Quidquid
1494 2328 1527 2361 id
1546 2330 1606 2361 est:
1621 2328 1780 2361 hodierna
1800 2328 1888 2366 dies,
1910 2328 1940 2359 δι
1961 2325 2083 2370 praelia
2098 2330 2298 2368 monstrant,

1304 2379 1402 2419 Qubd
1437 2379 1637 2425 quandoque
1672 2386 1771 2422 queat
1796 2375 1945 2420 superare
1963 2377 2097 2419 juventa
2127 2375 2298 2413 senectam.

1302 2427 1417 2461 Nobis
1436 2438 1512 2460 vera
1528 2425 1640 2461 senum
1660 2424 1735 2459 sunt
1757 2425 1848 2459 mille
1867 2426 2002 2460 oracula
2020 2428 2111 2460 testes
2124 2450 2134 2465 ‚

1305 2478 1518 2511 WELLENUM
1541 2477 1688 2510 constare
1709 2476 1785 2514 fibi,
1803 2478 2015 2521 primumque
2035 2475 2216 2520 sophorum

1302 2528 1454 2562 Successit
1479 2525 1572 2559 simili
1591 2523 1695 2558 sacras
1718 2524 1840 2558 clarere
1859 2535 1914 2567 per
1939 2535 2033 2558 artes.

1303 2578 1356 2610 Ex
1377 2577 1500 2619 quibus
1522 2576 1586 2608 hoc
1609 2574 1707 2607 nobis
1731 2575 1804 2607 tuto
1825 2572 2025 2610 concludere
2045 2572 2092 2607 fas
2109 2575 2155 2607 est

1305 2625 1465 2660 Difficiles
1482 2623 1609 2665 nullas,
1629 2632 1714 2658 artes
1727 2646 1736 2663 ,
1755 2622 1808 2658 led
1830 2624 1872 2657 sic
1893 2623 1954 2657 tibi
1978 2622 2070 2659 reddi

2150 2687 2303 2728 Consue-
2316 2714 2319 2716 -
