2414 3105
421 143 527 182 van
546 121 693 204 βακε
724 110 1271 197 Hoogweerdigheyd
1290 116 1349 193 J.
1385 117 1451 174 T.
1481 118 1540 194 J.
1573 111 1806 175 IVellens.

85 225 156 260 Aut
181 222 226 259 ita
248 226 424 259 concinnis
442 220 593 256 demulfit
609 220 741 264 pedrora
759 216 867 252 verbis
887 241 898 256 ‚

79 274 205 321 Jurave
229 271 377 308 defendit
400 270 542 304 succeffu
565 269 766 303 Academica
789 275 880 300 tanto
895 268 929 313 Ρ-

85 325 185 364 Quis,
200 325 278 357 dum
296 320 383 354 sorte
402 319 520 363 stylum
542 319 768 351 vehementem
790 316 893 350 caussa
913 312 1084 358 poposcit,

85 370 210 406 Acrius
232 369 390 415 insurgit,
412 368 567 405 cohibet,
592 367 729 410 premit,
757 365 892 408 objicit,
914 364 1036 398 instat?

85 421 118 454 Si
142 420 256 453 contra
276 421 460 452 Hoereticos
485 415 647 449 calamum
664 415 737 460 quis
760 413 924 448 strinxerit
945 412 1024 448 olim
1037 436 1048 454 ‚

85 467 327 502 Contuderitve
346 477 453 501 novos
474 467 615 499 Eri-ores
636 464 767 500 vindice
787 465 911 507 penna,

86 518 211 550 Contra
230 514 478 558 Pseudosophos
495 514 576 559 quid
596 525 664 548 non
684 515 895 548 warmic-s
913 512 1003 559 egit?

86 565 199 599 Dicite
221 569 363 599 materia:
380 574 550 608 praecones
562 587 572 604 ,
592 563 691 598 dicite
715 574 775 598 vos
793 572 852 595 vos
865 586 874 601 ‚

82 614 190 647 Entia
212 614 371 658 corporea
392 623 537 648 mentem
558 616 719 656 capientia
742 619 874 649 mente,

87 664 194 703 Quam
217 663 324 697 valide
346 661 403 696 sua
428 662 493 696 tela
514 661 623 695 vibret
644 665 854 696 WELLENms
873 661 982 694 hostis.

87 713 171 753 Quis
194 712 310 746 contra
332 722 441 746 tantos
462 715 493 745 sc
511 721 581 744 tam
605 709 802 757 generaliter
822 720 969 754 unquam
983 731 994 749 ‚

87 763 240 802 Quantos
263 764 493 802 Wmffimus,
513 761 571 794 fibi
594 759 785 793 conciliavit
803 760 965 798 Amores,

88 811 140 844 Ut
158 810 210 846 vel
229 822 305 845 eum
328 813 452 850 Livor,
472 809 694 855 nequicquam
719 808 843 843 invitus
856 831 864 847 ‚
885 817 994 842 amare

92 859 242 900 Debeat‚
265 863 296 893 &
318 860 412 905 vulgi
434 859 644 894 concorditer
664 860 775 892 audiat
792 867 868 895 ore,

89 909 164 942 Flos
184 910 219 946 δέ
237 921 321 942 amor
342 910 473 943 Patrzae.
497 908 529 942 Si
548 910 655 941 nostra
678 917 824 940 carnoena
847 903 986 949 profufis

86 956 297 1001 Exspatietur
322 960 444 1003 Equis,
464 968 525 1000 pro
546 966 637 990 certo
652 980 661 996 ‚
676 954 814 993 Praeses,
832 958 970 988 Amoris

88 1007 219 1041 Indicio
244 1009 346 1040 nostri
367 1007 437 1040 haec
460 1006 600 1045 habeas3
621 1014 762 1049 namque
783 1003 867 1036 illud
887 1001 1059 1037 amantum

90 1056 147 1089 Est
168 1060 340 1100 proprium
355 1079 365 1095 ‚
384 1064 554 1099 nunquam
577 1062 759 1096 conceptus
780 1053 945 1096 verbaque
966 1060 1059 1085 certo

80 1106 216 1137 ‘Ordine
239 1103 292 1138 vel
317 1114 404 1136 nexu
420 1127 428 1143 ‚
453 1111 675 1145 componere,
695 1109 836 1145 praepete
855 1099 971 1146 lingua

83 1153 259 1200 Judicium
278 1163 344 1195 prae
359 1152 412 1187 vel
431 1159 718 1195 praetencurrente
740 1158 920 1183 moratum.

91 1203 210 1247 Atque
231 1205 381 1242 utinam,
401 1203 482 1235 sicut
504 1199 636 1240 vultus,
657 1199 702 1233 ita
719 1200 852 1243 pestora
871 1200 974 1243 pofl'es

90 1249 294 1284 Luminibus
317 1260 490 1294 penetrare
510 1246 596 1284 tuis!
616 1253 648 1283 in
670 1249 823 1295 quolibet
843 1249 965 1282 horum

89 1298 289 1344 Insculptam
313 1299 499 1345 faciemque
523 1307 614 1332 tuam
639 1307 828 1343 nomenque
849 1299 987 1332 videres.

92 1351 175 1382 Tam
195 1349 344 1383 nostrum
366 1358 398 1383 te
423 1346 562 1394 quisque
583 1346 647 1381 suis
667 1351 700 1381 in
726 1348 826 1381 corde
840 1370 849 1386 ‚
867 1345 1046 1386 medullis,

93 1396 355 1444 visceribusque
373 1403 479 1444 gerit,
500 1396 602 1431 nullis
621 1405 660 1430 ut
678 1398 771 1440 poffit
788 1397 924 1430 Amons

93 1447 252 1481 Vocibus
271 1448 393 1493 aequari
411 1445 572 1482 violentia
604 1446 741 1480 Pectore
759 1453 832 1479 toto

94 1497 280 1530 Wmmzun
300 1501 362 1530 toti
384 1494 514 1530 sumus!
536 1497 556 1529 o
572 1496 668 1528 Patre
689 1497 819 1528 charior
842 1493 958 1535 omni,

95 1544 306 1588 Compellare
326 1548 405 1579 sinas
425 1555 487 1578 nos
504 1546 568 1578 hoc
588 1552 621 1577 te
641 1548 779 1577 nomine
799 1543 949 1580 Gnatos!

99 1596 151 1628 Ut
175 1595 269 1628 Pater
293 1598 323 1629 ἐι
346 1596 458 1628 Mater
480 1597 553 1628 bene
574 1593 671 1627 nobis
690 1594 744 1637 effe
767 1593 952 1632 dederunt,

96 1646 151 1678 Tu
171 1644 264 1678 dabis
287 1646 403 1686 institui
426 1646 497 1677 bene
520 1655 529 1675 .·
551 1641 626 1686 plus
651 1651 794 1686 utroque
813 1643 952 1675 Parente

97 1694 188 1739 Ergo
211 1694 301 1727 dabis
314 1717 323 1732 ‚
345 1690 486 1731 Praeses3
506 1702 581 1724 nam
601 1693 621 1724 si
642 1693 677 1725 fit
696 1689 822 1724 summa
848 1691 1043 1731 bonorum‚.

98 1745 182 1784 Qua:
203 1746 278 1788 quis
300 1746 333 1777 in
356 1743 415 1774 hac
432 1741 548 1775 mundi
571 1749 669 1786 queat
690 1741 860 1784 expectare
880 1739 1022 1781 lacuna,

95 1794 223 1835 Institui
245 1795 327 1826 bene.
352 1793 383 1824 Si
404 1800 567 1835 quantum
588 1789 774 1824 destrucffle
794 1790 923 1833 Corpus

97 1845 238 1885 Spiritus
256 1839 392 1874 excellit
411 1838 508 1873 nuno
533 1838 728 1873 destruCtilis
748 1849 839 1878 aevo,

95 1894 222 1933 Institui
244 1894 316 1923 bene
343 1891 384 1922 stc
407 1889 504 1922 etiam
525 1887 655 1933 superet
673 1891 747 1922 bene
767 1891 874 1931 nasci,

97 1940 194 1980 Plus,
219 1937 353 1978 Praeses,
373 1937 470 1976 Tibi,
490 1949 589 1983 quarn
611 1939 720 1977 Patri,
740 1937 935 1971 debebimus
956 1946 1084 1971 omnes.

97 1991 187 2024 Nam
204 1991 327 2023 Pharos
349 1990 378 2020 81
400 1987 500 2031 pleno
522 1986 728 2031 resplendens
748 1988 847 2026 orbe,
866 1987 981 2030 polare

95 2041 192 2075 Sidus
213 2042 278 2074 eris
295 2037 425 2079 Nobis,
447 2039 477 2072 δι
494 2038 610 2072 eodem
630 2045 780 2080 tempore
800 2037 945 2080 prudens

1151 216 1323 250 Dostrinae
1344 228 1543 263 morumque
1560 218 1650 264 vagis
1668 219 1841 253 Palinurus
1860 216 1894 252 in
1914 221 2024 254 undis.

1151 267 1284 300 Praefide
1314 276 1367 307 te,
1388 268 1508 300 domus
1535 268 1603 300 haec
1624 278 1681 310 per
1702 265 1829 300 saecula
1855 278 1969 302 caetera
1991 269 2119 313 porro,

1151 316 1184 348 Si
1206 314 1285 360 quid
1306 316 1430 350 habent
1450 320 1518 350 vei-i
1543 327 1609 348 vox
1633 319 1663 349 δι
1686 314 1838 360 praesagia
1857 318 1985 351 Vatum
1999 343 2009 358 ‚

1153 363 1252 398 Alter
1274 369 1357 405 erit,
1375 367 1487 400 Graiis
1504 367 1586 399 adeo
1601 365 1742 408 jactatus
1761 364 1894 406 Olympi

1153 414 1290 446 Faustus
1303 417 1398 458 Apex
1409 427 1418 456 3
1430 425 1528 460 quem
1549 425 1611 447 nec
1632 414 1760 448 tonitru
1779 424 1841 446 nec
1854 411 1995 448 fulmina
2011 425 2156 460 terrent,

1155 461 1329 507 Nullaque
1355 463 1552 508 conspurcat
1574 460 1627 498 vel
1648 467 1706 497 nix
1726 463 1779 499 vel
1798 461 1959 507 squallida
1977 465 2102 500 bruma.

1153 511 1237 545 Non
1260 512 1329 546 illic
1350 513 1471 547 lolium
1493 514 1546 547 vel
1568 516 1666 547 noxia
1687 516 1836 559 gignitur
1851 511 1979 552 herim

1154 562 1215 594 Sed
1237 561 1364 595 blandis
1383 561 1505 607 semper
1526 563 1689 608 Zephyris
1709 562 1851 607 coelique
1871 560 1985 596 serena

1160 611 1332 654 Temperie
1348 609 1428 645 felix
1448 615 1478 646 δι
1498 623 1626 647 amaeno
1647 622 1724 647 rore
1741 612 1867 657 rigatus

1158 660 1271 693 Laetus
1287 671 1368 704 apex
1387 664 1481 695 flores
1500 665 1531 696 ἐι
1553 661 1664 696 mollia
1680 664 1829 707 gramina
1848 657 1973 695 fundit.

1158 710 1212 742 Sic
1231 710 1351 744 domus
1370 713 1450 744 haec
1469 712 1595 755 primo,
1620 721 1651 746 te
1677 710 1839 749 Praeside,
1857 710 1983 744 reddita
2003 709 2075 743 fiori
2089 733 2101 751 ,

1158 758 1243 791 Non
1262 758 1381 793 lolium
1402 758 1545 794 sentesve
1568 760 1672 801 feret,
1694 771 1756 794 nec
1782 758 1902 792 inutile
1922 768 2081 805 gramen·,

1159 807 1324 851 Exemplo
1347 808 1399 844 sed
1418 811 1516 844 ducta
1536 808 1595 844 tuo
1610 835 1619 850 ‚
1641 810 1805 846 stimulata
1823 812 1968 852 paternis

1160 855 1318 891 Vocibus
1340 861 1370 892 &
1392 859 1513 894 blando
1533 860 1667 895 Pietatis
1685 870 1760 894 rore
1782 859 1908 904 rigata,

1159 904 1311 941 Proferet
1331 909 1459 942 Heroas
1473 932 1482 948 ‚
1503 909 1601 943 nullo
1623 907 1804 956 frangenda
1822 909 1954 943 Labore

1159 955 1297 988 Pectora
1309 980 1318 996 ,
1339 968 1412 1002 quae
1441 959 1570 993 Ventos
1587 956 1873 1004 Tempestatesque
1888 958 2062 999 lacessant,

1159 1005 1292 1038 Munus
1310 1005 1544 1048 Apostolicum
1565 1010 1643 1042 dum
1662 1007 1815 1052 postulat.
1844 1010 1960 1043 Ardua
1979 1018 2143 1055 quantum

1160 1054 1271 1095 ,Miffio
1288 1056 1439 1096 proficies
1460 1057 1526 1089 hoc
1547 1058 1705 1093 Praeside!
1728 1057 1871 1101 plurima
1894 1059 1994 1093 vobis

1160 1101 1334 1135 Debemus
1348 1127 1357 1142 ‚
1379 1105 1507 1139 Batavis
1527 1107 1595 1139 duo
1622 1110 1763 1140 maxima
1783 1108 1882 1141 sidera
1901 1107 2019 1148 terris,

1161 1152 1253 1192 Quae
1274 1153 1401 1186 Patrem
1423 1154 1513 1188 hunc
1533 1156 1634 1189 nobis
1657 1165 1740 1190 voto
1760 1158 1928 1191 concorde
1950 1159 2102 1199 dedistis,

1165 1201 1209 1233 Et
1233 1204 1365 1234 meritas
1387 1211 1494 1248 grates
1513 1205 1714 1248 Ampliffirne
1735 1207 1913 1249 pendimus
1930 1209 2015 1241 OEm

1164 1250 1211 1282 Et
1232 1250 1341 1284 Pastor
1365 1251 1512 1286 DEMOYE
1529 1253 1602 1287 tibi.
1633 1257 1877 1289 TERsWAEKIUS
1895 1256 1983 1289 inter

1165 1299 1242 1332 Vos
1256 1323 1265 1338 ‚
1286 1308 1452 1345 tamquam
1475 1303 1616 1337 totidem
1634 1305 1745 1339 Curios
1759 1329 1768 1345 ‚
1786 1307 1906 1340 donate
1918 1329 1927 1344 ,
1945 1305 2087 1339 locetur.

1164 1349 1336 1402 stantibus
1356 1351 1422 1391 his,
1437 1352 1602 1398 numquid
1622 1353 1720 1388 nullo
1744 1365 1893 1401 unquam
1907 1363 2055 1400 tempore
2071 1354 2172 1390 nobis

1165 1398 1303 1431 Laetior
1323 1399 1402 1433 Eois
1421 1403 1519 1434 Titan
1543 1400 1688 1438 surrexit
1708 1404 1750 1439 ab
1771 1404 1896 1439 undis?
1913 1437 1919 1443 ,

1166 1448 1228 1481 Ast
1246 1455 1285 1480 ut
1303 1447 1337 1480 in
1356 1449 1422 1483 hoc
1443 1453 1570 1485 mundo
1585 1452 1668 1487 nihil
1689 1458 1782 1488 omni
1795 1465 1834 1487 ex
1854 1462 1944 1498 parte
1963 1453 2096 1489 beatum
2108 1455 2173 1495 est,

1167 1497 1250 1529 Tam
1272 1499 1392 1531 merito
1413 1501 1535 1534 Laetos
1555 1512 1607 1536 res
1626 1514 1692 1537 una
1709 1503 1903 1538 medullitus
1923 1507 2038 1550 angit,

1167 1545 1225 1578 Ne
1246 1549 1342 1579 mitra
1368 1545 1519 1592 surripiat
1543 1559 1573 1584 te
1589 1563 1697 1594 pauco
1720 1560 1867 1596 tempore
1889 1553 1998 1586 nobis.

1167 1593 1376 1649 Praesulibus
1396 1598 1482 1633 vivis
1504 1597 1662 1635 succeffoi·
1680 1600 1772 1644 saepe
1792 1601 1879 1642 fuisti
1892 1625 1902 1641 ‚

1167 1643 1346 1679 Derunffls
1366 1656 1431 1680 neu
1454 1649 1490 1681 sis
1510 1651 1731 1695 quandoque,
1751 1651 1887 1694 perinde
1909 1651 2075 1687 timemus.

1167 1693 1259 1734 Quae
1279 1692 1425 1740 reliquos
1442 1707 1562 1732 ornant
1581 1697 1708 1743 sparsim
1729 1703 1955 1746 praestantque
1979 1704 2121 1744 Beatos,

1161 1742 1350 1789 Jun6laque
1371 1753 1406 1779 tu
1426 1745 1608 1791 glomeras‚
1628 1747 1729 1782 nostri
1746 1748 1822 1783 sunt
1844 1749 1936 1784 causa
1956 1750 2098 1785 timoris.

1169 1792 1347 1832 Quidlibet
1370 1799 1521 1836 eveniat,
1542 1798 1623 1830 dum
1643 1797 1709 1831 sors
1727 1798 1900 1833 assuescere
1925 1802 2018 1834 duris

1163 1841 1239 1894 Nos
1253 1841 1369 1883 jubet,
1390 1846 1420 1877 &
1441 1845 1597 1879 modulos
1617 1846 1778 1881 Patientia
1801 1858 1911 1882 cantat
1931 1849 2061 1883 eosdem
2077 1874 2088 1890 ‚

1162 1891 1255 1924 Sicut
1276 1892 1385 1926 honos
1407 1904 1599 1940 nomenque
1622 1905 1717 1933 tuum
1739 1897 2139 1944 Laudesquemanebunt
2159 1924 2171 1942 ,

1162 1939 1282 1974 Donec
1305 1943 1390 1985 apud
1410 1942 1560 1978 Grudios
1578 1946 1654 1990 figet
1676 1946 1837 1989 Sapientia
1857 1949 1993 1987 sedem,

1161 1988 1212 2022 Sic
1230 1992 1262 2023 ει
1282 1992 1368 2034 apud
1393 1993 1535 2027 Batavos
1558 1995 1733 2029 renovabit
1754 1997 1852 2030 Fama
1870 1999 2021 2041 Nepotes

1159 2039 1290 2080 Quanta
1312 2040 1374 2074 tibi
1392 2042 1492 2076 debet
1509 2054 1590 2090 gens
1608 2047 1735 2091 integra
1747 2069 1756 2086 ‚
1777 2050 1918 2081 maxime
1942 2048 1991 2083 W
1993 2058 2127 2087 ELLENs.

844 2084 868 2114 C
909 2084 938 2113 ΙΙ
980 2083 1007 2112 R
1048 2084 1074 2113 O
1117 2082 1147 2113 N
1191 2086 1203 2115 I
1245 2088 1269 2116 C
1310 2088 1336 2116 O
1378 2089 1420 2118 N.

666 2127 668 2129 '
718 2125 788 2159 TU
814 2126 1194 2178 SAECLotDECUs
1231 2130 1369 2164 oMNa
1400 2132 1555 2168 TUo....

1380 2183 1560 2228 Applaudit
1587 2185 1756 2231 Collegium
1780 2187 1876 2219 Dz’vae
1899 2186 2087 2219 Pulcherlae.

105 2291 146 2323 In
161 2292 249 2333 felici
275 2292 310 2329 ἐξ
333 2291 419 2325 Laeto
444 2295 571 2327 introitu
600 2294 785 2328 Praenobilis
812 2294 990 2338 Eximinue
1017 2297 1147 2329 Domini
1173 2307 1212 2329 ac
1239 2298 1392 2341 Magistri
1411 2298 1504 2338 nostri
1517 2299 1705 2342 JACOBI
1726 2300 1917 2334 THOMAE
1939 2301 1989 2332 W
1987 2299 2177 2333 ELLENS

106 2423 160 2481 L
175 2422 347 2454 ELivssL'rl
369 2425 430 2458 fato
453 2428 566 2460 maestos

174 2462 213 2491 Et
233 2466 291 2500 jam
311 2464 351 2493 sat
375 2463 516 2505 superque
550 2468 664 2509 questos

106 2502 249 2539 Quasnam
271 2512 316 2531 res
342 2503 482 2536 solabitur
496 2511 510 2536 Ξ)

107 2542 198 2578 Cujus
223 2542 328 2570 duCtus

106 2580 189 2610 Sistet
217 2581 323 2610 {ludius
509 2610 513 2614 .

108 2620 184 2649 Tam
201 2621 300 2649 acerbi
321 2622 386 2658 jure
405 2623 502 2654 Iustus
515 2627 531 2655 ἓ

107 2659 187 2689 Pelle
211 2661 285 2698 pelle
306 2661 406 2690 nubila

105 2698 222 2738 Domus
247 2701 309 2730 haec
331 2700 359 2731 ἃ
380 2700 484 2741 jubila.

817 2549 899 2578 Luce
927 2550 1032 2587 plenus

815 2586 867 2617 Sol
894 2588 1011 2618 serenus
1029 2609 1037 2624 ‚

817 2627 934 2656 1)οᾶοΓ
961 2629 1101 2658 maximus
1121 2629 1330 2664 WELLENUS
1345 2650 1356 2671 ²

814 2664 915 2696 Decus
934 2667 964 2695 in
992 2669 1045 2698 hac
1068 2669 1189 2707 Patria,

815 2705 907 2738 Intrat
925 2708 1016 2739 intrat
1036 2708 1130 2740 atria!

486 2346 528 2377 ad
550 2344 718 2389 Collegium
733 2345 823 2386 ficum
846 2346 896 2378 D.
918 2345 1097 2378 Pulchen‘ae
1122 2357 1175 2378 ceu
1195 2346 1414 2379 Hollandlcum
1438 2355 1472 2389 5.
1494 2345 1659 2383 Februarii
1684 2352 1785 2392 1765.

807 2433 870 2491 N
888 2429 945 2459 Am
967 2392 1155 2475 'reparat-uitis·
1173 2432 1279 2477 'duram

889 2471 991 2507 Largis
1015 2468 1149 2501 fontibus
1168 2473 1310 2509 jacturam
1325 2491 1334 2508 ,

813 2506 936 2546 jamjam
961 2510 1068 2540 Praei'es
1088 2511 1203 2546 aderit,

1603 2434 1642 2464 Et
1663 2435 1821 2473 benignum
1845 2435 1934 2465 nobis
1952 2436 2043 2466 satum

1606 2475 1697 2504 Hunc
1717 2475 1868 2513 ingressum
1892 2477 2097 2515 auspicatum,

1521 2511 1560 2542 Et
1583 2524 1636 2543 cur
1664 2514 1728 2544 eisct
1755 2515 1828 2545 alius
1844 2518 1858 2543 3²

1526 2553 1629 2591 Sophe
1647 2555 1754 2592 plaude
1773 2576 1784 2590 ‚

1525 2593 1622 2631 Mysta
1644 2595 1765 2630 gaude,

1524 2633 1676 2671 Quantum
1698 2643 1784 2672 potes
1806 2643 1881 2663 orna
1901 2635 1989 2666 laude

1524 2672 1667 2709 Linguam
1693 2683 1744 2711 per
1768 2683 1827 2703 non
1854 2675 1978 2704 aelidem

1525 2710 1600 2743 'sam
1622 2714 1795 2752 praeclarum
1816 2714 1979 2746 Praelidem.
