2414 3105
185 151 291 215 140
332 128 560 194 Exhort.
602 133 851 221 vigesima
865 155 1049 214 quarta
1061 186 1080 211 ,
1092 154 1276 215 quarta
1301 141 1356 198 in
1374 136 1524 221 Festo
1544 138 1791 201 Omnium
1811 140 2137 202 Samiorum.

179 229 280 264 tonis,
295 229 394 258 iisdem
409 230 495 260 armis
508 231 552 261 uri
565 231 713 271 poss'umus
727 244 734 265 ;
750 234 883 262 eumdem
896 234 1043 264 currimus
1055 235 1181 270 cursum,

176 277 264 305 quem
277 269 331 307 Ipli
345 277 402 298 tam
418 269 544 300 feliciter
569 271 821 302 consummarunt.
850 277 1001 310 Tamquam
1020 274 1109 311 igitur
1128 278 1181 302 Iza-

178 309 271 336 hentes
291 310 443 346 impositam
459 312 555 339 nubem
582 314 686 349 testium
700 331 710 345 ς
731 314 741 347 (
756 312 836 341 Heb.
851 315 908 348 12)
923 313 1068 351 poss'urnus
1082 313 1112 343 &
1125 322 1180 344 nos

175 345 291 390 Eorum
309 386 314 390 -
328 347 396 391 equi
412 348 530 386 vestigia
543 370 553 383 ‚
571 349 602 378 &
626 351 708 388 quod
723 351 776 388 Ipsi
791 350 922 381 fecerunt
933 371 942 386 ‚
965 353 1083 382 imitari.

218 385 353 416 Difficilis
365 389 483 424 quidem
497 408 506 422 ,
529 388 622 418 fateor
633 410 642 422 ,
669 390 732 418 haec
747 391 824 418 Iusta
838 389 875 419 est
888 402 894 421 2
909 392 1032 420 arduum
1049 392 1085 420 est
1106 391 1180 421 Vir-

176 424 318 469 tutis'iter
330 446 339 460 ‚
357 428 487 464 undique
502 428 625 457 obsitum
639 428 782 463 inimicis,
794 430 925 468 undique
938 430 1066 469 scopulis
1082 431 1111 460 δε
1124 439 1178 469 pe-

176 465 279 493 riculis
298 466 428 502 plenum.
453 467 592 496 Arduum
607 468 644 496 est
661 467 772 497 homini
788 488 796 503 ,
814 468 866 497 sub
883 478 972 498 onere
997 467 1091 499 carnis
1109 479 1179 500 cor·

178 511 274 548 ruptae
288 503 440 541 &fragilis
453 507 599 543 gementi,
620 507 806 537 Sanctitatem
833 507 956 545 assequi,
970 508 998 538 δι
1013 509 1178 539 Coelestium

177 544 342 581 Spirituum
356 544 515 574 Puritatem
530 555 709 584 comparare.
731 546 789 575 Sed
804 546 833 576 δε
848 547 946 576 Saneii
965 549 1093 584 ejusdem
1122 558 1179 578 no-

178 585 293 614 biscum
313 583 433 613 fuerunt
454 591 566 613 naturae
580 604 590 620 ‚
609 595 662 614 cor
685 586 847 614 habuerunt
865 586 964 615 nostro
989 588 1077 617 fimile
1090 608 1098 622 ‚
1121 589 1179 617 hoc

180 624 220 653 est
232 645 242 659 ,
260 625 290 650 in
304 625 438 651 malum...
452 627 486 652 ab
498 627 737 661 adolescenriasua
752 633 889 662 pronum.
910 628 921 663 (
936 626 1013 656 Gen.
1028 628 1055 655 8.
1071 627 1082 662 )
1103 629 1181 658 Vix-

179 671 265 695 erunt
273 663 347 693 inter
358 662 492 693 homiues
508 663 616 701 impios
630 684 640 698 ,
660 663 734 693 inter
746 665 915 693 seductores
927 686 936 698 ,
947 665 1024 694 inter
1049 666 1181 697 irrisores

181 704 313 735 Virtutis
326 723 336 737 ,
359 708 429 736 ficut
448 712 502 732 nos
515 702 655 732 vivimus.
677 703 795 732 Eaedem
822 712 903 732 erant
929 705 1030 734 muudi
1045 705 1075 735 δε
1088 707 1182 735 carnis

179 745 329 783 illecebrae
340 763 349 777 ‚
371 743 479 774 eaedem
491 742 668 771 tentationes
686 753 693 775 ς
710 743 739 772 &
753 750 848 772 tamen
861 762 871 776 ‚
892 744 1066 780 abnegantes
1080 744 1183 774 semet-

179 784 191 814 i
216 784 259 813 sos
273 804 282 816 ,
300 785 330 813 in
350 783 451 813 mediis
463 781 592 811 tenebris
606 785 635 810 1211
646 784 703 819 filii
715 786 785 810 lucis
798 782 985 812 ambularunt
1000 803 1009 818 ,
1021 787 1035 820 (
1048 784 1127 822 Eph.
1139 791 1157 820 5
1171 785 1183 821 )

228 823 366 852 νίἂοτες
379 824 486 853 horum
501 824 633 851 omnIum
647 821 741 850 efferii
756 821 834 850 sunt.

223 863 344 892 Arsiam
369 863 457 892 Viam
479 862 587 899 ingredi
608 861 691 895 sunt,
714 860 810 889 fateor
827 872 834 892 ;
851 862 940 889 multa
963 861 1157 893 sustinuerunt
1173 884 1185 898 ,

181 903 272 932 multa
285 902 348 930 sunt
359 902 419 939 palli
432 913 438 930 :
452 901 499 929 sed
513 900 611 930 frustra
623 901 707 929 aliam
724 902 759 928 ad
776 901 887 930 Coelum
899 901 985 929 Viam
1001 902 1160 939 qut-erimus
1175 914 1183 932 :

181 950 247 971 nam
264 941 368 979 &Ipse
381 939 511 969 Christus
523 960 532 974 ,
554 940 646 969 Filius
661 939 739 973 Dei,
763 939 857 977 Caput
877 939 1004 969 nostrum
1020 963 1027 975 ,
1044 942 1103 979 pati
1128 943 1181 972 de-

180 980 265 1011 buit,
290 982 316 1008 Cr
336 983 376 1009 ini
403 985 505 1009 infrare
529 984 558 1008 ἱιι
578 982 698 1019 gloriam
717 981 809 1014 suam.
833 979 931 1016 (Luc.
948 981 1008 1015 24)
1032 981 1070 1009 Et
1085 981 1157 1018 quid
1171 1001 1181 1016 ‚

180 1019 281 1057 quaeso
297 1039 305 1053 ‚
329 1020 364 1048 de
383 1020 554 1052 laboribus,
576 1020 611 1047 de
627 1017 847 1047 difficultatibus
868 1019 1078 1055 conquerimur
1091 1040 1100 1054 ,
1113 1021 1181 1058 qui-

179 1059 236 1088 bus
255 1066 366 1088 tautum
381 1059 536 1097 respondet
549 1056 703 1087 Praemium
719 1079 726 1090 ,
750 1056 856 1095 nempe
870 1056 951 1086 Deus
965 1058 1028 1096 Ipse
1043 1079 1051 1093 ,
1073 1061 1121 1096 qui
1142 1059 1181 1088 est

181 1110 280 1127 merces
290 1097 383 1127 nostra
398 1110 499 1136 magna
512 1101 594 1126 nimis
610 1100 625 1125 ?
643 1096 746 1132 (Gen.
764 1104 797 1131 15
812 1099 822 1132 )
841 1095 923 1124 Deus
936 1116 943 1129 ‚
967 1097 1085 1134 inquam
1098 1119 1106 1131 ,
1129 1100 1180 1136 qui

180 1146 242 1167 non
262 1136 371 1166 tantum
394 1137 588 1175 Semetipsum
609 1137 698 1165 donat
719 1135 749 1163 in
764 1135 871 1168 Coelis,
893 1135 940 1164 sed
959 1136 988 1165 ἃ
1002 1137 1049 1166 liic
1062 1137 1091 1165 iu
1104 1139 1181 1166 terra

181 1175 213 1206 in
233 1175 320 1205 nobis
334 1176 461 1210 habitat,
474 1176 628 1206 nobiscum
640 1182 749 1206 certat,
765 1175 882 1203 alleviat
898 1175 1013 1204 labores
1028 1198 1036 1210 ,
1062 1175 1090 1204 ὃς
1106 1178 1182 1206 mul-

180 1215 276 1253 tiplici
291 1214 462 1244 Gratiarum
474 1215 605 1249 influxu,
618 1215 649 1242 in
662 1212 764 1242 mediis
778 1213 1019 1243 tribulationibus
1036 1214 1065 1243 ἃ
1079 1216 1182 1252 angus-

181 1254 232 1283 tiis
246 1258 346 1293 jugum
361 1255 451 1284 Suum
463 1257 548 1291 suave
562 1253 668 1287 reddit,
681 1254 706 1281 Cr
721 1264 790 1281 onus
802 1251 894 1281 Suum
905 1255 995 1290 leven(
1010 1254 1107 1282 Matth
1136 1255 1182 1291 ιι)

181 1293 256 1324 Non
276 1294 312 1322 lic
331 1292 463 1331 profecit>
489 1303 554 1323 cum
578 1291 756 1322 amatoribus
777 1292 862 1329 hujus
885 1291 982 1321 steculi
1004 1301 1048 1322 res
1065 1294 1160 1329 agitur
1174 1313 1183 1327 ,

183 1332 235 1370 qui
261 1332 291 1361 ἃ
313 1332 363 1369 ipsi
376 1332 557 1362 difficultates
569 1331 717 1360 immensas
729 1351 737 1364 ‚
761 1339 902 1359 {erumnas
918 1330 947 1359 δε
962 1333 1076 1361 labores
1089 1332 1183 1361 duris-

183 1373 268 1402 simos
288 1371 422 1400 sustinent
438 1392 446 1405 ,
466 1371 627 1408 mundique
643 1372 746 1408 J'ugum
768 1368 959 1405 graviliimum
972 1379 1112 1408 portant,
1135 1370 1182 1400 sed

183 1412 243 1441 fine
253 1411 313 1440 ullo
326 1412 488 1445 levamine,
499 1410 556 1439 fine
567 1411 624 1439 ulla
638 1408 840 1438 consolatione
853 1418 861 1436 :
874 1408 946 1436 adeo
963 1417 994 1437 ut
1010 1410 1182 1438 veriliimum

183 1450 215 1480 fit
230 1469 239 1482 ,
261 1449 324 1487 plus
337 1449 446 1478 laboris
459 1449 548 1478 subiri
563 1449 578 1477 a
590 1445 795 1490 peccatoribus
808 1454 840 1476 ut
863 1447 890 1475 se
913 1449 1071 1484 damnent,
1097 1450 1182 1487 quam

181 1489 303 1519 subeant
321 1489 417 1517 Sancti
433 1496 463 1517 ut
479 1489 591 1518 Coelum
614 1492 738 1524 rapiant.

222 1528 407 1564 Interrogare
418 1527 540 1556 Sanctos
552 1526 631 1564 ipsos
645 1546 654 1560 ,
679 1524 708 1553 ἃ
735 1524 834 1553 dicent
845 1524 944 1554 Vobis
958 1547 966 1559 ,
989 1526 1073 1562 quam
1088 1526 1184 1556 dulcis

183 1567 215 1597 fit
225 1566 307 1594 Deus
317 1567 505 1603 diligentibus
514 1567 552 1595 se.
561 1567 655 1605 Quam
663 1566 749 1599 saure
762 1564 898 1602 fitjugum
911 1564 1045 1594 Domini.
1053 1565 1184 1601 (Thren.

184 1609 221 1644 3]
232 1606 325 1643 Quam
337 1609 434 1635 bonum
448 1606 478 1635 fit
491 1610 549 1634 viro
558 1626 568 1640 ‚
582 1606 798 1642 camportaverit
807 1604 879 1632 illud
890 1606 924 1631 ab
932 1606 1111 1640 adolescentia
1139 1618 1184 1634 tta.

182 1647 194 1680 (
210 1648 408 1684 Imerrogemus
426 1649 484 1674 Eos
494 1666 502 1679 ,
514 1648 540 1673 Cr
547 1648 637 1674 dicent
651 1645 719 1680 quid
728 1644 901 1680 lucratifirzt.
912 1645 927 1678 )
937 1644 1185 1683 Interrogateip·

183 1682 230 1713 sos
242 1706 251 1718 ‚
274 1683 303 1712 ἃ*
328 1685 448 1717 dicent,
469 1685 555 1722 quam
576 1683 631 1713 vili
649 1681 746 1720 pretio
762 1688 870 1710 tantam
884 1682 932 1711 libi
956 1683 1062 1712 lucrati
1076 1682 1185 1713 fuerint

184 1723 345 1752 Coronam.
367 1724 578 1753 Contemfimus
593 1743 602 1757 ,
614 1722 748 1759 inquient
762 1740 771 1753 ,
793 1719 860 1750 falsa
872 1722 1001 1755 ,caduca
1013 1721 1042 1751 δι
1055 1724 1185 1760 peritura

183 1762 264 1791 ‘oona
281 1772 289 1793 3
307 1763 336 1791 ἂι
356 1772 424 1792 ecce
437 1764 542 1791 donata
557 1762 643 1791 nobis
660 1760 723 1789 sunt
744 1760 824 1788 Vera
847 1758 968 1788 Stabilia
994 1760 1023 1790 ὅτ
1050 1761 1188 1791 AEterna.

183 1800 293 1830 Sensus
309 1802 509 1834 cohibuimus,
522 1809 636 1830 carnem
649 1798 937 1833 mortificavimus‚&
948 1799 1015 1829 ideo
1028 1809 1137 1839 corpus
1148 1802 1186 1831 il-

183 1840 236 1869 lud
251 1839 380 1875 Fulgore
406 1840 434 1869 δι
457 1840 594 1869 Claritate
615 1840 733 1878 plenum
748 1837 846 1867 Vitam
860 1839 961 1867 induet
977 1840 1184 1870 Immortalem.

185 1878 347 1907 AErumnas
363 1879 389 1908 ἃ
404 1879 607 1909 tribulationes
620 1876 915 1916 momentotemporis
926 1877 1123 1911 sustinuimus3
1136 1880 1184 1909 sed

185 1926 219 1946 ea
233 1940 240 1951 ‚
262 1926 329 1954 quae
340 1918 407 1956 paffi
421 1919 518 1947 sumus
531 1938 540 1952 ,
556 1925 739 1947 evanuerunt
753 1916 837 1945 instar
852 1918 964 1945 umbrie
981 1928 988 1949 ;
1004 1927 1113 1948 merces
1131 1928 1185 1948 au-

184 1964 242 1986 tem
256 1956 349 1985 nostra
365 1957 393 1986 in
410 1966 549 1986 {eternum
563 1964 676 1990 manet,
691 1956 719 1985 &
743 1965 797 1993 pro
810 1955 930 1985 tantillis
944 1957 1080 1996 lacrymis
1094 1980 1103 1992 ,
1129 1968 1184 1996 pro

184 1995 305 2026 tantillis
319 1996 596 2026 mortificationibus
608 2016 617 2030 ,
641 1995 816 2025 inundamur
829 1994 942 2032 gaudiis
955 2004 989 2024 ac
1005 1996 1117 2026 deliciis
1130 1997 1186 2027 fine

185 2037 242 2065 fine
255 2035 414 2066 duraturis.
436 2037 538 2064 Verbo
555 2047 562 2064 :
576 2038 642 2064 Non
656 2037 721 2070 sunt
745 2036 884 2071 con-‘lignee
896 2038 1033 2072 paffiones
1046 2035 1187 2073 praeteriti

188 2078 318 2103 temporis
333 2075 367 2103 ad
381 2075 548 2103 immensam
562 2074 640 2104 illam
653 2076 770 2112 gloriam
783 2073 906 2108 ‚(R0m-
922 2074 961 2111 8)
975 2077 1033 2112 qua
1054 2074 1084 2104 in
1096 2075 1187 2104 Crea-

185 2113 262 2142 toris
276 2113 365 2142 nostri
383 2114 554 2143 Poffeffione
573 2113 787 2152 perfundimur.
810 2112 849 2140 Et
862 2123 1078 2142 momentaneum
1094 2117 1119 2142 sy
1131 2117 1188 2143 leve

187 2154 377 2181 tribulationis
390 2157 482 2192 nostra·
493 2173 502 2188 ‚
513 2175 519 2181 .
535 2176 539 2181 .
554 2174 561 2183 .
573 2163 700 2181 aeternum
713 2153 927 2191 gloriaepona'us
943 2160 1095 2191 operatum
1109 2152 1148 2183 est
1158 2157 1187 2182 in

189 2193 305 2230 nohc‘sq·
317 2193 343 2221 ss
357 2191 426 2221 Cor.
437 2195 489 2228 4.)
714 2200 717 2203 ’

229 2233 243 2265 (
256 2232 446 2267 Adlzormzio.)
457 2230 536 2269 Quid
549 2228 617 2267 ergo
629 2229 767 2268 superest,
780 2228 957 2259 Dileffiffimi
969 2229 1142 2268 ,postquam
1153 2231 1190 2260 fic

191 2269 288 2297 oculis
310 2270 391 2299 Fidei
415 2270 597 2299 lustravimus
618 2268 740 2298 Terram
760 2268 954 2304 SanCtorum,
969 2270 1026 2299 nisi
1042 2278 1072 2299 ut
1085 2279 1190 2308 magno

191 2307 290 2336 animo
313 2309 498 2338 ascendamus
521 2309 550 2338 ἃ
571 2317 644 2342 ηοε,
666 2312 795 2346 quoniam
814 2312 967 2345 poterimus
989 2311 1107 2338 obtinere
1120 2320 1192 2338 earn.

190 2349 206 2382 (
222 2346 301 2374 Num
316 2355 348 2384 13
362 2351 376 2383 3
388 2348 495 2377 Eamus
511 2348 539 2376 δε
553 2356 607 2377 nos
619 2355 651 2376 ut
666 2347 818 2377 videamus
831 2350 954 2386 visionem
977 2351 1048 2377 hanc
1061 2360 1191 2388 magnam

191 2384 312 2422 (Exod.
333 2389 372 2422 3)
393 2387 494 2424 Atque
507 2386 574 2416 ide&
597 2389 758 2424 deponentes
781 2397 858 2415 omne
873 2390 1006 2424 pondus,
1029 2390 1055 2416 fs
1075 2392 1191 2417 circum-

186 2427 265 2462 stans
280 2437 472 2462 'rossemanum
485 2446 494 2460 ‚
512 2431 736 2463 perpatiemiam
760 2437 898 2454 curramus
913 2430 953 2455 ad
963 2430 1127 2465 prtyiofitum
1141 2440 1191 2456 no-

191 2464 236 2491 bis
252 2474 394 2492 certamen.
419 2468 432 2500 (
447 2466 525 2494 IIeb.
543 2473 575 2493 12
591 2467 603 2500 )
626 2464 841 2503 Aggrediamur
855 2465 909 2493 iter
922 2466 1002 2495 Vir-sc
1016 2487 1026 2500 ,
1054 2466 1083 2495 ἅ*
1097 2468 1192 2496 conli-

191 2502 326 2531 deremus
340 2503 477 2541 inclytam
492 2504 616 2533 Ctelestis
629 2504 707 2534 illius
722 2503 859 2534 Civitatis
873 2504 1055 2534 Felicitatem
1067 2505 1118 2539 ,in
1134 2516 1191 2543 qua

193 2541 354 2579 conscripti
367 2543 462 2571 sumus
473 2563 481 2577 ,
496 2544 524 2572 &
537 2543 626 2572 Cives
640 2545 751 2573 decreti
763 2554 768 2572 :
780 2546 845 2571 Non
861 2544 936 2573 enim
950 2543 1046 2573 sumus
1059 2547 1174 2581 hospites
1184 2565 1193 2579 ,

194 2581 221 2610 ἃ
235 2582 450 2617 adrem-effeti...
464 2586 708 2619 civesssuzfforum,
721 2585 747 2612 Cr
761 2585 893 2624 domestici
907 2586 974 2619 Dei,
985 2583 1074 2623 (Heb.
1090 2585 1119 2621 2)
1131 2584 1195 2614 He-

1250 236 1333 265 redes
1343 235 1420 265 illius
1433 234 1624 274 Regni,quod
1637 236 1766 265 Christus
1775 236 1838 266 Suo
1852 235 2003 273 Sanguine
2012 235 2099 264 nobis
2109 234 2256 274 quaesivit.

1290 275 1360 304 Esto
1374 275 1474 312 iraque
1484 294 1493 308 ,
1505 275 1641 313 tantisper
1655 276 1742 305 nobis
1756 276 1946 305 laborandum
1957 275 2149 312 fit3numquid
2162 276 2263 306 breve,

1250 314 1287 343 est
1301 314 1403 350 agonis
1417 322 1530 351 tempus
1543 334 1552 348 ,
1567 314 1692 344 &labor
1707 314 1766 344 cito
1783 316 1866 344 finem
1880 314 2034 343 habiturus
2046 317 2060 342 .2
2079 313 2131 342 ubi
2145 322 2254 344 contra.

1249 354 1369 383 Corona
1384 351 1413 381 &
1429 353 1551 381 Proernia
1566 354 1737 383 meritorum
1753 355 1835 383 nullo
1850 353 2015 383 durationis
2030 352 2155 382 termino
2175 363 2251 384 con-

1249 393 1425 422 cludentur?
1439 391 1477 420 Et
1492 392 1633 429 numquid
1654 393 1774 429 dignum
1795 393 1870 422 foret
1891 393 1951 431 pati
1974 399 2060 421 omne
2074 391 2157 429 quod
2174 392 2252 422 triste

1247 431 1285 461 est
1299 451 1308 464 ‚
1331 439 1362 460 ut
1375 431 1446 459 tanti
1461 430 1539 461 Boni
1553 438 1700 469 tantaeque
1715 432 1829 462 Gloriae
1844 433 1945 461 fiamus
1958 432 2114 470 participes
2126 433 2141 458 ‚2

1287 471 1351 502 Jam
1372 470 1478 507 plene,
1498 470 1529 499 ut
1549 478 1622 508 puto
1638 491 1646 501 ‚
1668 471 1832 508 persuasum
1858 471 1956 500 Vobis
1972 470 2031 504 est,
2053 469 2264 505 Dilefflffimi,

1247 509 1335 538 solam
1347 509 1399 538 else
1412 508 1598 539 Sanetitatem
1610 531 1618 543 ,
1631 518 1698 545 quae
1713 511 1861 539 hominem
1871 533 1879 545 ‚
1889 519 1948 540 non
1963 509 2072 539 tantum
2085 509 2115 538 in
2131 508 2230 538 futura
2239 529 2251 544 ‚

1248 549 1296 577 sed
1312 548 1341 577 &
1355 548 1384 576 in
1399 549 1452 577 hac
1468 549 1529 577 vita
1544 548 1658 577 felicem
1672 551 1793 578 reddere
1809 550 1914 578 valeat.
1936 549 1974 578 Et
1988 550 2050 578 haec
2064 548 2184 586 quidem
2197 557 2252 577 ve-

1249 587 1316 616 ritas
1327 607 1336 620 ,
1348 595 1414 624 quae
1427 588 1540 617 obtinet
1554 586 1686 625 respectu
1700 588 1830 617 omnium
1845 589 1998 618 hominum
2008 610 2016 622 ‚
2029 587 2148 626 speciali
2162 587 2251 617 titulo

1249 627 1336 655 habet
1351 627 1450 655 locum
1466 628 1495 656 in
1511 627 1608 655 Vobis
1621 647 1629 660 ,
1652 626 1703 663 qui
1718 628 1754 655 ad
1769 628 1916 656 sublimem
1930 626 2097 656 Sacerdotii
2113 626 2251 663 Dignita-

1250 672 1306 694 tem
1321 665 1465 703 aspiratis:
1481 666 1547 694 abiit
1558 665 1644 699 enim,
1654 666 1841 696 utSacerdos
1855 666 1976 695 Domini
1988 665 2155 694 felicitatem
2168 666 2250 694 suam

1249 704 1279 733 in
1293 704 1348 733 alia
1362 704 1467 741 quavis
1482 714 1512 734 re
1529 712 1658 742 quaerere
1669 705 1834 742 praesumat.
1847 705 1994 742 Singulari
2016 704 2126 742 quippe
2136 703 2251 734 saneti-

1249 750 1308 773 tate
1330 742 1442 780 fulgere
1464 750 1582 782 oportet
1605 743 1796 773 Sacerdotem
1809 765 1819 779 ‚
1840 752 1872 773 ut
1892 752 1949 773 tam
1970 753 2024 781 pro
2049 743 2077 771 se
2097 744 2183 781 quam
2196 752 2254 782 pro

1250 782 1314 811 aliis
1334 781 1419 818 digne
1439 784 1524 811 obeat
1547 781 1742 811 Ministerium
1754 805 1763 817 ,
1785 785 1844 821 quo
1859 783 1992 820 fungitur
2008 793 2014 811 z
2029 789 2116 819 atque
2129 782 2172 811 his
2186 792 2252 811 mo-

1250 821 1321 850 tivis
1335 844 1342 855 ,
1369 829 1436 859 quie
1464 821 1665 859 superioribus
1690 821 1772 851 anuis
1793 822 1892 852 Vobis
1915 820 2149 859 proposueram,·
2171 830 2252 850 nunc

1253 860 1282 889 &
1309 861 1382 890 illud
1403 861 1496 897 adjeci
1518 869 1739 898 argumentum,
1762 863 1842 899 quod
1865 870 1899 889 ex
1917 860 2089 889 Sanctorum
2112 858 2255 889 felicitate

1252 899 1410 929 desumitur
1425 919 1435 934 ,
1456 909 1488 929 ut
1519 901 1624 929 horum
1646 900 1839 930 Praemiorum
1872 899 1983 929 intuitu
2005 906 2114 928 mentes
2135 898 2254 928 Vestras

1249 939 1399 976 potentius
1422 939 1597 968 e-stimulem
1613 951 1618 968 :
1633 939 1666 968 eo
1690 939 1858 978 potentius,
1878 938 1995 977 inquam
2011 961 2019 973 ,
2043 937 2122 975 quod
2145 938 2253 968 Sacer-

1251 978 1330 1007 dotis
1351 979 1494 1007 CaraCteri
1508 999 1517 1012 ,
1539 978 1619 1016 qued
1643 979 1811 1008 Laboribus
1824 978 2018 1009 pastoralibus
2030 996 2040 1011 ‚
2059 977 2176 1006 Merces
2191 986 2254 1005 am-

1249 1017 1327 1055 plior
1339 1038 1348 1051 ,
1367 1019 1487 1047 Corona
1507 1019 1639 1055 quaedam
1659 1018 1841 1057 praestantior
1852 1024 2032 1056 prteparetur
2048 1027 2056 1049 ;
2071 1026 2104 1046 ac
2124 1015 2254 1055 proinde

1251 1055 1286 1084 εὸ
1310 1060 1397 1094 magis
1416 1056 1520 1085 Vestra
1539 1058 1647 1086 interfit
1670 1059 1728 1087 hoc
1751 1058 1822 1087 totis
1847 1056 1961 1086 viribus
1974 1065 2083 1093 agere,
2102 1065 2138 1085 ne
2152 1057 2187 1084 ab
2200 1056 2252 1085 illa

1251 1095 1403 1124 excidatis.
1429 1095 1546 1132 Igitur,
1571 1096 1674 1125 fratres
1704 1096 1877 1131 charissimi,
1899 1096 2023 1124 libenter
2050 1105 2083 1124 ac
2113 1094 2251 1133 prompte

1250 1142 1394 1163 certemus
1416 1135 1444 1163 in
1472 1144 1567 1172 agone
1592 1136 1735 1170 Justitiae,
1755 1143 1787 1164 ut
1808 1135 1859 1173 qui
1875 1135 1934 1171 jam
1954 1135 2062 1163 saeculo
2086 1133 2115 1163 δι
2137 1135 2252 1169 mundo

1249 1175 1374 1210 majores
1385 1173 1437 1202 eise
1448 1174 1588 1212 coepimus
1599 1195 1608 1209 ,
1623 1175 1737 1203 cursum
1752 1175 1878 1203 nostrum
1889 1174 1970 1202 nulla
1979 1173 2078 1202 stcculi
2088 1181 2136 1202 aut
2149 1172 2253 1202 mundi

1249 1213 1413 1250 cupiditate
1434 1216 1589 1242 tardemus.

1251 1251 1372 1280 Virtute
1394 1253 1509 1281 robusta
1524 1274 1531 1285 ‚
1553 1252 1702 1281 Charitate
1724 1252 1871 1290 perstem,
1891 1252 1984 1290 parati
2007 1251 2089 1280 fimus
2111 1252 2145 1279 ad
2161 1259 2249 1280 omne

1253 1299 1329 1327 opus
1350 1291 1471 1320 bonurn.
1510 1290 1666 1320 Servemus
1688 1292 1911 1323 Innocentiam,
1932 1290 2106 1320 Modestiam
2121 1312 2130 1324 ‚
2151 1289 2252 1319 Disci-

1252 1330 1361 1367 plinam
1373 1351 1381 1363 ,
1404 1330 1593 1367 Vigilantiam
1607 1351 1617 1366 ,
1636 1332 1666 1359 in
1677 1331 1797 1359 Virtute
1818 1329 2013 1360 Constantiam
2028 1352 2037 1364 ‚
2058 1330 2198 1358 sectemur
2218 1330 2251 1358 in

1254 1369 1391 1397 omnibus
1411 1368 1598 1398 Saneiitatem
1613 1393 1620 1403 ,
1643 1379 1679 1399 ne
1701 1369 1810 1406 aliquid
1834 1371 1982 1399 bonorum
2003 1369 2147 1398 {liciorum
2161 1388 2171 1401 ,
2192 1368 2251 1397 five

1248 1415 1303 1444 pro
1320 1407 1412 1437 nostra
1427 1431 1434 1442 ,
1456 1409 1513 1438 five
1524 1419 1581 1447 pro
1592 1409 1718 1438 aliorum
1738 1409 1837 1437 Salute
1852 1410 1882 1437 iu
1899 1407 1984 1437 nobis
1998 1408 2183 1436 desideretur.

1290 1446 1529 1483 (IGPILOGUS.)
1550 1449 1625 1477 Haec
1639 1448 1703 1476 sunt
1725 1447 1870 1484 Vestigia‚
1894 1456 1959 1485 quae
1971 1447 2056 1476 nobis
2068 1448 2250 1484 reliquerunt

1251 1484 1349 1514 SanCti
1363 1509 1371 1520 ,
1394 1495 1425 1516 ut
1447 1487 1570 1516 Illorum
1594 1486 1702 1515 semitis
1723 1486 1918 1521 innectentes,
1938 1486 2000 1515 Eos
2016 1484 2133 1523 queque
2148 1485 2252 1523 seque-

1252 1533 1350 1553 remur
1372 1527 1407 1554 ad
1430 1525 1553 1555 Gaudia.
1589 1526 1717 1562 Magnus
1738 1526 1859 1555 Illorum
1874 1545 1883 1560 ,
1904 1534 1978 1563 quos
2001 1524 2091 1554 hodie
2104 1524 2253 1560 colimus,

1247 1564 1308 1601 jam
1332 1564 1391 1593 illic
1413 1574 1467 1594 nos
1490 1573 1628 1594 numerus
1650 1565 1781 1603 expeetat
1798 1566 1876 1603 :jam
1892 1564 2106 1594 contribulium
2128 1564 2158 1592 ἃ
2179 1573 2264 1602 pro-v

1253 1603 1432 1640 qinquorum
1453 1603 1591 1641 frequens
1613 1613 1666 1633 nos
1689 1604 1718 1633 δε
1741 1605 1862 1642 copiosa
1894 1605 1978 1632 turba
2001 1604 2148 1632 desiderat.
2184 1603 2253 1633 Ho-

1255 1651 1318 1670 rum
1341 1642 1430 1679 igitur
1451 1652 1517 1672 cum
1540 1643 1647 1672 fiducia
1667 1642 1858 1681 imploremus
1868 1642 2091 1677 Patrocinium,
2112 1650 2145 1671 ut
2165 1642 2253 1681 politi

1254 1689 1320 1709 ante
1350 1681 1505 1712 Thronum
1535 1682 1615 1716 Dei,
1639 1681 1667 1711 δε
1690 1683 1725 1710 ad
1756 1681 1887 1711 intimam
1907 1682 1982 1718 Ejus
2004 1678 2174 1710 Amicitiam
2199 1683 2255 1710 ad·

1253 1720 1320 1749 milli
1334 1741 1343 1755 ,
1364 1730 1410 1750 eas
1433 1722 1519 1751 nobis
1532 1721 1688 1759 impetrent
1703 1721 1821 1751 Gratias
1834 1741 1843 1755 ,
1865 1721 1974 1759 quibus
1986 1722 2022 1750 ad
2037 1722 2170 1750 eumdem
2184 1729 2253 1750 cum

1269 1759 1323 1797 pfis
1346 1759 1517 1790 Terminum
1539 1760 1666 1789 feliciter
1687 1762 1892 1798 perducamur.

1294 1798 1343 1828 Tu
1364 1808 1459 1829 autem
1480 1799 1629 1834 Domine,
1651 1799 1733 1829 Deus
1756 1800 1910 1829 Virtutum
1925 1798 1996 1836 ,qui
2009 1801 2170 1838 magnificus
2182 1807 2212 1828 es
2223 1802 2255 1828 in

1245 1840 1396 1874 fiznffiratc
1407 1859 1416 1873 ‚
1428 1841 1559 1867 terribilis
1579 1850 1661 1876 atquc
1680 1842 1833 1868 laudabilis
1843 1860 1853 1875 ‚
1873 1838 1955 1868 Deus
1965 1841 2076 1875 fc'tciens
2090 1841 2229 1867 mirabilia
2241 1841 2255 1867 l

1253 1878 1365 1913 (Exod.
1383 1878 1428 1914 15)
1442 1877 1489 1906 Tu
1500 1878 1575 1912 Lux,
1586 1887 1652 1915 quac
1661 1878 1771 1917 semper
1784 1879 1865 1908 luces
1879 1879 1886 1907 ἲ
1898 1877 1973 1915 ignis
1983 1878 2033 1916 qui
2048 1878 2160 1916 semper
2169 1878 2253 1907 ardes

1256 1917 1285 1946 &
1295 1926 1451 1955 numquam
1465 1916 1641 1954 extinguens
1654 1919 1659 1946 l
1675 1917 1810 1947 illumina
1822 1925 1931 1947 mentes
1943 1918 2053 1946 nostras
2064 1937 2072 1952 ,
2082 1919 2172 1946 adure
2182 1925 2253 1946 cor·

1255 1958 1309 1991 da,
1323 1964 1355 1986 ut
1366 1957 1517 1986 videamus
1529 1964 1596 1993 quae
1611 1956 1685 1984 recta
1695 1956 1757 1986 sunt
1769 1966 1867 1985 coram
1884 1957 1940 1990 Te,
1950 1956 1978 1986 &
1993 1958 2092 1986 eadem
2106 1978 2115 1990 ‚
2137 1956 2181 1985 Te
2197 1957 2255 1985 do-

1254 2003 1342 2024 nante
1354 2016 1363 2031 ‚
1374 1995 1526 2025 faciamus.
1539 1995 1626 2024 Nihil
1636 1997 1741 2024 terreni
1751 2015 1761 2030 ,
1773 1995 1961 2025 nihilcaduci
1975 1996 2175 2033 aTepetimus
2189 1994 2256 2024 Do-

1255 2034 1350 2068 mine,
1371 2034 1419 2063 sed
1442 2042 1473 2063 ut
1494 2033 1591 2063 saneti
1613 2035 1697 2062 limus
1721 2033 1750 2063 ἃ
1771 2035 1954 2064 Immaculati
1968 2055 1976 2068 ,
1992 2036 2049 2063 hoc
2065 2034 2102 2062 est
2116 2042 2168 2068 ,ut
2183 2033 2255 2062 alse-

1257 2082 1382 2110 quamur
1403 2074 1486 2101 finem
1508 2081 1629 2111 propter
1651 2082 1736 2111 quem
1761 2073 1810 2102 Tu
1832 2074 1896 2112 Ipse
1917 2073 2016 2102 creasti
2039 2080 2113 2107 nos,
2130 2072 2159 2102 δε
2181 2073 2254 2102 Pre-

1257 2112 1336 2141 tioso
1357 2112 1426 2141 Filii
1450 2111 1510 2142 Tui
1532 2112 1680 2149 Sanguine
1701 2111 1854 2141 redemisti.
1882 2113 1998 2149 Indigni
2016 2112 2113 2142 sumus
2131 2111 2179 2150 (δι
2193 2113 2254 2142 hoc

1257 2151 1352 2190 ipsum
1374 2150 1498 2180 fatemur
1527 2160 1593 2180 cum
1618 2150 1780 2190 lacrymis)
1810 2150 1924 2188 indigni
1945 2152 2043 2181 sumus
2065 2158 2148 2181 tanto
2171 2151 2254 2183 ,Mu-

1259 2198 1353 2222 nere;
1377 2190 1425 2219 sed
1447 2193 1612 2226 reminifiere
1635 2194 1841 2227 miserationum
1858 2202 1965 2219 marum
1987 2194 2106 2219 Domine
2120 2211 2129 2226 ‚
2150 2193 2176 2219 C«
2200 2194 2255 2219 mi·

1252 2231 1463 2265 sericordiarum
1485 2240 1610 2263 tuarum,
1631 2241 1690 2266 quae
1716 2233 1732 2258 ἁ
1746 2231 1847 2266 simulo
1863 2232 1940 2266 fimt.
1962 2231 2082 2268 (Psalm.
2108 2233 2174 2266 24)
2192 2229 2256 2258 Re·

1261 2270 1386 2298 cordare
1409 2269 1548 2298 Ecclesiae
1572 2269 1684 2298 8:111&ae
1708 2268 1805 2303 'l'uae‚
1829 2268 1859 2298 &
1880 2269 1925 2299 fac
1941 2289 1951 2304 ‚
1979 2278 2011 2298 ut
2031 2271 2061 2299 in
2084 2269 2169 2299 Filiis
2189 2268 2259 2298 Suis

1259 2308 1375 2337 laetetur
1395 2309 1544 2338 Foecunda
1557 2308 1606 2337 illa
1620 2309 1727 2337 Parens
1739 2328 1748 2342 ,
1761 2308 1873 2346 Sponsa
1887 2309 1954 2338 Tua
1968 2309 2131 2344 Purillima,
2145 2308 2258 2347 Sponsa

1260 2347 1415 2377 tenerrime
1437 2349 1568 2376 adamata
1599 2348 1658 2376 Fac
1680 2347 1769 2384 igitur
1789 2357 1842 2377 uos
1856 2347 1985 2377 Domine
2001 2348 2066 2382 ,fac
2083 2357 2136 2378 nos
2151 2349 2259 2385 dignos

1260 2386 1355 2416 Sacris
1378 2387 1530 2416 Altaribus
1552 2385 1627 2416 Tuis
1649 2386 1800 2416 Ministros
1823 2397 1831 2420 3
1865 2386 1909 2416 sac
1932 2387 2065 2417 Humiles
2084 2409 2093 2422 .,
2113 2387 2160 2416 fac
2181 2388 2255 2416 Fer-

1260 2433 1361 2454 ventes
1375 2424 1405 2455 &
1416 2425 1527 2464 Spiritu
1539 2432 1593 2455 tuo
1606 2427 1733 2463 repletos
1745 2437 1753 2453 :
1769 2434 1799 2454 ut
1822 2435 1880 2454 non
1897 2427 2096 2456 erubescamus
2117 2427 2256 2463 Evange-

1259 2465 1331 2493 lium
1344 2475 1350 2497 ;
1368 2473 1399 2493 ut
1414 2466 1444 2494 in
1457 2466 1544 2495 nobis
1557 2472 1695 2502 appareat
1710 2464 1814 2493 Virtus
1829 2464 1895 2494 Tua
1909 2476 1917 2497 ς
1934 2474 1966 2495 ut
1988 2466 2121 2496 Gloriam
2137 2466 2233 2495 Tuam
2246 2484 2258 2501 0

1259 2511 1405 2541 tamquam
1434 2504 1521 2534 Servi
1549 2504 1667 2538 fideles,
1689 2512 1883 2542 propagemus
1913 2505 1942 2534 in
1966 2507 2071 2540 terris,
2093 2505 2123 2536 &
2144 2506 2183 2535 ita
2205 2505 2259 2534 ali-

1262 2544 1381 2579 quando
1395 2565 1403 2577 ,
1425 2544 1453 2573 in
1476 2543 1662 2573 Consortium
1685 2543 1859 2573 Sanctorum
1881 2543 2010 2581 assumti,
2032 2546 2147 2577 Laudes
2175 2544 2258 2576 Tuas

1263 2581 1422 2611 AEternum
1443 2583 1630 2613 decantemus
1650 2582 1682 2613 in
1701 2582 1797 2613 Coelis.
1831 2583 1943 2614 Amen.

1014 2662 1455 2707 FINIS.

1613 1214 1802 1251 Quapropter
1822 1220 1917 1241 mente
1928 1211 2041 1249 integra
2056 1232 2066 1246 ‚
2080 1213 2135 1241 fide
2149 1213 2226 1240 firma
2240 1230 2251 1246 ,
2294 1234 2296 1236 ,
