2414 3105
190 140 266 185 22
361 190 854 273 JACOBI
933 191 1433 255 THOMAE
1503 193 2077 274 JOSEPHI

677 290 1786 390 WELL'EN&

233 418 301 458 JN
320 413 640 451 ACADEMJA
666 410 1032 445 LOVANJENSJ
1064 409 1364 445 DOCTORJS
1395 411 1692 448 THEOLOGI
1714 416 1788 449 ET
1808 415 2227 460 PROFESSORJQ

392 478 1337 544 EXHORTATIONES
1395 480 2075 544 FAMILIARES

197 589 296 652 De
332 582 645 647 Vocatione
695 578 967 640 sacrorum
1006 576 1398 636 Ministrorum
1462 584 1520 638 &
1568 581 1722 640 variis
1771 602 1969 642 eorum
2009 580 2219 641 Officiis
2248 623 2269 652 ‚

251 664 420 724 dictae
457 662 525 721 ad
567 660 849 720 Alumnos
879 654 1089 733 Colcgii
1123 654 1469 722 Pulcheriani
1501 657 1774 738 (vulgo)
1812 661 2217 721 HoLLAchI.

421 856 1478 924 DILECTISSIMIS
1571 859 2048 931 FILIIS,

478 955 1095 1003 >COLLEGII
1167 957 1905 1001 PULCHERIANJ

917 1045 1558 1105 ALUMNIS.

206 1131 343 1220 CU
365 1193 397 1220 M
434 1180 607 1232 primum
644 1177 878 1231 susciperem
912 1175 1083 1229 Collegii
1121 1173 1372 1216 Pulcheriani
1407 1174 1617 1230 Regimen
1652 1173 1834 1233 (Memfi²
1853 1173 2050 1218 Ianuario
2090 1174 2277 1232 1765.)

202 1246 609 1292 DILECTISSIMI
646 1246 813 1297 FILII,
853 1245 991 1288 tacitus
1032 1256 1187 1284 mecum
1227 1244 1492 1286 revolvebam
1525 1275 1539 1297 ‚
1577 1246 1711 1298 quanti
1753 1246 1944 1287 momenti
1979 1246 2181 1300 negotium
2212 1258 2276 1298 ag-

204 1318 390 1372 grederer
411 1331 419 1357 :
440 1318 629 1370 agebatur
663 1315 770 1355 enim
808 1314 858 1354 de
896 1313 1139 1354 efformanda
1176 1312 1225 1352 ad
1257 1312 1530 1353 Sacerdotium
1570 1309 1780 1355 juventute
1799 1347 1823 1366 ,‚
1852 1325 1940 1365 quae
1972 1315 2020 1354 ad
2059 1314 2275 1366 gerendam

204 1386 442 1426 Animarum
479 1383 627 1426 Curam
657 1383 758 1436 apud
791 1382 1049 1430 Catholicos,
1082 1381 1390 1433 praepotentibus
1420 1380 1623 1423 Foederati
1672 1382 1803 1435 Belgii
1830 1381 2039 1422 Ordinibus
2074 1381 2243 1422 subditos
2261 1413 2275 1432 ‚

205 1453 416 1494 destinatur
438 1468 446 1493 :
468 1462 584 1504 atque
630 1451 720 1491 ideo
771 1450 990 1503 persuasum
1023 1450 1203 1499 habens,
1241 1447 1264 1488 a
1300 1446 1441 1488 Vestra
1473 1448 1718 1491 Institutione
1754 1449 1929 1502 pendere
1965 1446 2009 1489 ὅτ.
2063 1460 2190 1489 meam
2231 1446 2276 1490 &

205 1520 422 1571 Vestram,
458 1517 502 1562 &
537 1528 597 1560 tot
632 1519 780 1559 milium
819 1516 1014 1557 Fidelium
1033 1546 1046 1567 ‚
1083 1515 1214 1556 Vobis
1251 1511 1387 1568 poste-gi
1420 1518 1797 1558 committendorum
1832 1516 2006 1557 Salutem
2039 1545 2052 1567 ‚
2091 1517 2278 1557 sollicitus

206 1590 358 1642 semper
391 1588 447 1629 fui
483 1600 570 1629 eam
606 1586 738 1628 Vobis
777 1585 1016 1638 disciplinam
1054 1584 1335 1636 praescribere‚
1355 1583 1431 1636 qua
1466 1585 1639 1627 formare
1673 1586 1822 1638 possem
1860 1583 2060 1624 Alumnos
2079 1615 2090 1633 ‚
2115 1585 2179 1636 qui
2213 1585 2280 1624 ali-

204 1657 363 1710 quando
383 1657 499 1697 futuri
517 1656 641 1697 effent
660 1654 793 1695 fideles
814 1654 832 1708 (
855 1653 884 1693 Ι.
907 1653 1003 1694 Cor.
1026 1664 1069 1705 4.
1092 1651 1111 1704 )
1143 1648 1416 1709 dispenfiztores
1447 1649 1701 1707 mysteriorum
1727 1651 1810 1693 Dei
1831 1683 1844 1703 ‚
1866 1681 1875 1691 .
1898 1682 1908 1693 .
1930 1683 1939 1693 .
1958 1654 1975 1704 (
1996 1651 2045 1692 Π,
2067 1650 2177 1694 Tim.
2199 1667 2240 1693 2.
2260 1650 2281 1704 )

208 1723 385 1782 Operarz'i
423 1720 709 1778 inconfusibiles
726 1753 740 1773 ‚
773 1718 865 1762 νεὲἵὲ
901 1717 1105 1760 vadantes
1145 1717 1297 1761 verbum
1329 1718 1507 1761 veritatis
1527 1750 1541 1772 ,
1565 1750 1574 1760 .
1596 1750 1605 1760 .
1627 1753 1636 1762 .
1657 1721 1676 1775 (
1695 1720 1793 1762 Ibid.
1818 1733 1859 1775 3.
1879 1718 1899 1773 )
1917 1717 2098 1760 Homines
2119 1718 2202 1761 Dei
2222 1715 2280 1759 ad

207 1807 322 1836 omne
354 1806 446 1850 opus
481 1789 620 1832 bonum
654 1787 828 1844 instruc'b‘.

279 1861 390 1901 Inter
424 1860 536 1900 varia
570 1860 690 1912 porro
722 1858 876 1910 media,
896 1870 985 1910 quae
1017 1865 1099 1897 tum
1133 1856 1322 1909 publice,
1342 1863 1425 1896 tum
1459 1857 1645 1908 privatim
1686 1857 1872 1907 adhibui,
1892 1865 1935 1897 ut
1978 1857 2083 1895 hunc
2115 1854 2277 1906 scopum

211 1930 305 1972 mihi
345 1928 603 1982 praestitutum
631 1927 850 1977 assequerer
873 1956 886 1978 ,
919 1938 1000 1966 non
1033 1924 1212 1965 infimum
1248 1925 1380 1977 (meo
1412 1925 1591 1978 judicio)
1622 1926 1754 1966 locum
1795 1934 1934 1965 tenent
1963 1922 2278 1963 Exhortationes

210 1996 457 2040 Domesticae
495 2026 508 2048 ‚
548 2007 641 2048 quas
680 1993 826 2035 statutis
864 1994 955 2034 anni
990 1993 1233 2045 temporibus
1269 1992 1317 2032 ad
1352 1990 1440 2032 Vos
1469 1992 1509 2032 in
1543 2005 1665 2034 unum
1703 1991 1895 2033 collectos
1930 1992 2079 2032 habere
2122 1989 2279 2030 consue-

212 2078 351 2107 veram
372 2095 384 2116 ,
404 2062 446 2106 ὅ(
488 2074 593 2117 quas
618 2063 748 2115 elapso
784 2062 1026 2115 quadriennii
1058 2061 1180 2114 spatio
1214 2060 1328 2113 (quo
1366 2059 1662 2113 Theologicum
1702 2061 1804 2113 apud
1840 2059 1929 2100 Vos
1969 2058 2151 2098 concludi
2183 2058 2280 2097 solet

213 2134 447 2175 curriculum
475 2131 494 2186 )
539 2142 670 2173 novos
707 2129 924 2172 Auditores
963 2126 1101 2170 nactus
1122 2158 1135 2181 ,
1171 2129 1314 2169 eodem
1349 2123 1489 2169 iterum
1522 2129 1659 2170 ordine
1679 2159 1691 2180 ‚
1728 2129 1807 2182 quo
1842 2138 1934 2170 ante
1971 2125 2089 2168 difitae
2126 2135 2237 2166 erant
2269 2154 2282 2176 ,

212 2203 474 2243 resumebam.

286 2269 535 2309 Suavissimos
556 2256 706 2307 'harum
742 2263 1082 2307 Exhortationum
1119 2261 1289 2305 Fufius
1328 2265 1413 2317 plus
1449 2264 1569 2305 semel
1603 2263 1835 2317 degustavi,
1871 2257 2278 2303 DILECTISSIMI

218 2337 357 2378 FILII
377 2353 384 2376 :
409 2335 452 2379 &
494 2335 678 2388 quoniam
711 2335 816 2375 utilia
854 2348 918 2376 me
963 2333 1092 2374 Vobis
1131 2331 1369 2372 annunti-affe
1401 2332 1582 2373 existimo
1603 2363 1616 2383 ‚
1637 2334 1728 2373 dare
1749 2345 1898 2390 operam
1918 2330 2029 2370 volui
2044 2360 2056 2380 ,
2067 2330 2285 2384 frequenter

217 2402 354 2444 babere
397 2419 465 2444 vos
500 2401 588 2460 post
619 2403 820 2443 discessum
859 2414 990 2443 mcum
1009 2433 1022 2452 ‚
1041 2413 1084 2440 ut
1114 2398 1248 2439 horum
1277 2399 1498 2439 memoriam
1513 2398 1693 2450 faciatis.
1723 2399 1740 2451 (
1762 2399 1812 2439 ΙΙ.
1831 2399 1920 2439 Pet.
1948 2411 1984 2438 1.
2005 2396 2023 2450 )
2043 2396 2146 2437 Cum
2167 2396 2282 2449 igitur

216 2484 323 2514 nunc
355 2472 434 2512 alio
473 2472 566 2512 mihi
602 2470 889 2522 properandum
912 2470 953 2509 [it
972 2499 984 2519 ,
1028 2465 1071 2509 &z
1106 2468 1282 2508 ultimum
1303 2466 1404 2508 Vale
1426 2466 1556 2508 Vobis
1595 2468 1804 2507 dicendum
1823 2496 1834 2516 ,
1856 2467 2009 2506 easdem
2028 2465 2130 2518 typis
2161 2464 2283 2505 editas

216 2539 348 2581 Vobis
387 2539 496 2579 Dico
526 2537 836 2589 Consecroque3
870 2537 1040 2588 talesque
1077 2536 1202 2575 offero
1220 2565 1233 2585 ‚
1283 2535 1412 2586 quales
1447 2547 1512 2576 eas
1548 2534 1743 2581 audivistis
1762 2566 1777 2587 ‚
1810 2533 1900 2574 (II.
1924 2532 2019 2575 Cor.
2047 2528 2125 2574 6.)
2157 2531 2283 2584 (dum

217 2622 261 2650 os
299 2604 459 2663 nostrum
494 2607 656 2661 patebat
691 2602 749 2648 ad
779 2620 846 2650 ros
873 2601 1258 2649 &CHARISSIMI
1277 2617 1291 2668 ᾗ
1313 2611 1383 2669 ut3
1399 2604 1556 2646 easdem
1591 2602 1751 2646 subinde
1785 2603 2035 2667 relegentes,⁵
2074 2598 2283 2643 sustineatis
