2414 3105
545 200 731 275 quarta
786 197 841 252 in
897 192 1049 275 Festo
1101 196 1348 251 Omnium
1399 194 1722 254 Sani-iorum.

97 300 166 336 ὧι,
188 299 218 330 δι
241 296 386 338 quidquid
408 297 443 328 ad
468 296 605 337 perfenae
628 296 758 327 Virtutis
780 293 951 338 exercitium
973 294 1099 333 spectat,

95 349 141 370 res
164 339 264 369 multis
280 340 399 367 videtur
420 336 628 366 intolerabilis.
654 335 830 365 Sannorum
848 343 878 362 111
902 334 959 362 hoc
984 336 1097 363 mundo

95 379 187 408 vitam
210 377 322 408 tristitia
335 376 364 405 ὅ(
377 375 569 405 amaritudine
590 377 703 413 plenam
724 374 777 404 effe
799 373 978 407 existimant,
992 373 1099 401 Virtu—

98 417 192 455 tisque
211 416 364 454 imaginem
391 413 445 444 sub
468 414 561 443 maesta
587 415 616 443 ez
642 413 752 452 hispida
778 413 854 443 facie
869 412 918 440 fibi
941 412 1100 450 repraesen-

97 464 190 486 tantes
205 475 215 490 ‚
237 467 307 484 terra
328 453 377 482 ista
392 474 401 487 ,
423 453 562 490 inquiunt
580 453 699 490 (Num.
719 461 764 490 ¹3·
788 454 800 488 )
821 455 936 481 devorat
958 454 1099 480 habitato-

99 507 140 524 res
160 498 236 531 suos.
256 515 298 523 ...
323 495 506 529 Nequaquam
529 495 569 520 ad
587 496 658 520 hunc
668 495 802 530 populum
829 494 952 519 valemus
974 493 1100 527 (gli-ende-

98 546 136 563 re.
168 534 268 570 Atque
282 532 321 561 it‘a
342 530 474 566 accidit,
491 539 523 561 ut
538 530 622 560 multi
643 541 709 560 enm
725 529 961 568 exploratoribus
986 529 1099 567 Moysis
1130 526 1134 533 '

98 573 255 610 loquentes
267 593 275 605 ,
297 571 383 599 etiam
409 580 475 600 cum
488 570 554 609 ipsis
569 570 597 598 in
611 571 724 600 deserto
745 578 882 608 pereant,
896 568 925 597 ἃ
943 577 1099 606 numquam

97 611 270 651 perveniant
282 610 318 637 ad
329 609 452 638 Terram
464 607 646 643 Promsssam,
658 609 706 638 cui
717 617 773 639 tam
784 608 925 638 fallaciter
933 609 1102 638 detrahunt.

139 650 200 678 Has
211 647 383 677 falsasideas
410 648 556 677 eradicare
570 648 677 677 necesse
693 649 729 678 est
742 668 751 682 ‚
772 648 802 677 δε
822 655 925 677 contra
938 647 1001 676 illas
1023 656 1100 685 pra:h

100 688 245 717 munitum
259 686 313 715 esse
327 694 447 725 oportet
468 687 621 717 Christiani
637 687 762 717 hominis
777 687 904 716 animum
918 697 924 714 :
940 694 1098 724 quaproter

98 725 288 760 Dilectillimi‚
301 725 430 755 breviter
448 728 644 765 expendemus
658 727 748 757 hodie
762 734 913 763 utramque
926 724 1100 755 Sanctorum

99 765 281 795 Felicitatem
297 775 304 796 ;
331 764 360 794 δέ
375 764 454 794 illam
467 785 476 799 ‚
491 776 576 803 quam
601 766 791 804 experiuntur
805 785 813 799 ‚
828 766 894 794 dum
908 764 956 794 hic
986 772 1099 794 certant

99 805 131 834 in
145 804 229 833 terris
246 814 254 836 ς
270 803 299 833 &
311 803 388 832 illam
401 824 410 838 ,
424 806 482 842 qua
494 807 620 843 gaudent
631 826 639 839 ‚
654 806 721 834 dum
734 804 890 833 AEternnm
905 803 1102 842 Triumphant

98 843 130 873 in
151 843 258 875 Coeiis;
284 850 316 871 ut
337 842 376 871 ita
401 851 521 880 pateat,
545 844 668 874 511ηᾶ105
696 844 776 873 solos
806 843 878 877 effe,
905 843 955 880 qui
977 842 1047 871 vere
1070 843 1101 872 δε

100 882 264 913 constanter
289 882 403 912 Felices
431 884 482 912 lint
503 893 535 913 ac
561 883 668 918 Beati,
682 883 712 913 δε
734 892 788 912 nos
802 902 812 917 ‚
833 883 918 919 hujus
940 882 1103 911 Felicitatis

102 923 288 951 aemulatores
305 921 403 957 iasii,
430 922 467 950 ad
492 922 606 953 Eorum
631 922 824 953 imitationem
851 930 1050 959 provocemur
1072 922 1105 950 ὃς

104 962 313 991 accendamur.

139 1002 292 1039 (lVIundus
302 1003 438 1036 promittit
453 1002 595 1037 finfibilla
613 1003 684 1029 bona
695 1021 706 1035 ‚
731 1011 792 1037 quae
815 1001 949 1027 delefflmt
961 997 996 1033 ,)
1018 998 1104 1028 Solet

102 1040 229 1070 mundus
239 1038 390 1067 hominurn
403 1040 492 1067 corda
506 1039 536 1068 in
548 1047 642 1077 partes
657 1040 720 1068 suas
736 1038 881 1067 attrahere
903 1039 1102 1076 proponendo

101 1078 168 1116 ipris
195 1079 234 1107 ob
258 1078 363 1106 oculos
375 1079 518 1115 quidquid
537 1079 572 1106 ad
587 1078 718 1107 sensuum
740 1076 963 1106 delectationem
979 1076 1009 1104 δι
1032 1076 1104 1104 vitae

102 1118 190 1154 hujus
213 1116 368 1146 commoda
404 1116 539 1153 pertinet.
568 1116 704 1146 Carnales
733 1117 923 1154 voluptateS,
952 1116 1105 1149 bonores,

103 1155 218 1186 divitiae
231 1175 239 1189 ‚
266 1163 419 1191 totumque
446 1155 518 1184 illud
532 1165 632 1192 agmen
647 1155 817 1184 deliciarum
833 1174 842 1188 ‚
861 1154 968 1191 quibus
981 1154 1101 1182 immer-

102 1195 149 1225 sos
162 1194 295 1223 videmus
312 1193 446 1222 homines
466 1194 624 1223 seeundum
648 1203 763 1223 carnem
777 1193 910 1222 viventes
926 1212 935 1227 ‚
947 1194 1009 1222 hcec
1024 1202 1103 1231 prte-

105 1234 186 1267 mia,
211 1233 297 1266 sunt,
315 1240 383 1268 quae
417 1233 596 1262 amatoribus
618 1233 677 1262 suis
708 1233 851 1271 promittit
883 1233 1033 1267 mundu53
1057 1233 1104 1261 lite

102 1273 177 1302 rosae
198 1272 260 1300 sunt
273 1291 282 1304 ‚
305 1271 413 1309 quibus
433 1279 521 1310 caput
541 1281 644 1301 eorum
672 1271 788 1309 cingere
805 1271 927 1301 festinat.

142 1314 157 1348 (
175 1314 291 1349 Christus
309 1323 397 1339 cruces
416 1312 444 1338 Cr·
463 1315 625 1340 vexationes
650 1314 661 1348 )
679 1311 810 1340 Christus
829 1318 926 1339 autem
950 1309 1108 1340 {emtores

105 1350 183 1382 Suos
197 1359 255 1379 non
272 1350 327 1379 alia
343 1349 395 1378 sub
417 1350 590 1380 conditione
616 1352 644 1379 in
659 1351 745 1380 Suam
766 1351 887 1380 tutelam
908 1350 1012 1388 recipit
1026 1370 1035 1384 ,
1049 1350 1105 1379 nisi

107 1390 275 1419 renuntient
288 1388 346 1418 illis
360 1388 495 1419 omnibus
506 1410 515 1424 ,
533 1398 598 1427 quae
619 1398 769 1428 corruptae
783 1398 897 1418 naturae
913 1391 1106 1419 blandiuntur

104 1438 200 1466 neque
221 1428 276 1457 alia
297 1428 362 1466 iplis
381 1430 411 1457 in
429 1429 488 1458 hoc
511 1430 624 1458 mundo
644 1429 788 1466 promittit
814 1429 952 1467 praemia,
965 1429 1020 1458 nisi
1037 1438 1105 1458 cru-

105 1477 174 1502 ces,
195 1468 392 1501 tentationes,
411 1469 582 1497 vexationes
595 1490 603 1502 ,
623 1468 841 1505 persecutiones
858 1480 864 1497 :
891 1470 987 1497 verbo
1002 1489 1011 1503 ,
1036 1468 1106 1497 licut

105 1510 222 1544 oportuit
232 1512 294 1543 pati
306 1510 435 1545 Christum
445 1526 454 1541 ‚
467 1509 492 1534 Cr
507 1510 827 1546 ildintr.1reitzgloriam
840 1510 941 1545 suam(
953 1508 1027 1536 Luc.
1039 1516 1075 1543 24
1096 1508 1107 1542 )

105 1545 147 1576 ita
171 1545 200 1574 &
224 1546 312 1575 Viam
337 1545 441 1574 Crucis
467 1546 572 1575 calcari
596 1547 660 1575 vult
680 1547 696 1575 a
716 1546 876 1585 Discipulis
896 1545 986 1582 Suis,
1009 1553 1040 1575 ut
1067 1546 1104 1574 ad

107 1584 242 1621 Regnum
269 1585 332 1623 ipsis
350 1592 478 1622 paratum
502 1590 684 1623 perveniant.

146 1628 157 1661 (
170 1625 249 1652 Hinc
266 1628 360 1661 opinio
373 1626 532 1661 Discipulos
547 1629 640 1663 Christi
651 1627 779 1662 infet‘ices
800 1627 851 1662 effi
866 1629 895 1653 itz
911 1629 960 1653 hoc
972 1626 1106 1661 mundo.)

108 1661 262 1700 Disparem
284 1664 356 1692 hanc
382 1672 544 1692 amatorum
568 1665 669 1693 mundi
696 1663 725 1693 δε
750 1663 970 1700 Discipulorum
1000 1663 1106 1694 Christi

109 1702 216 1730 sortem
236 1702 253 1730 fi
273 1702 338 1740 quis
356 1701 496 1731 inattente
520 1702 549 1731 &
573 1703 731 1732 secundum
760 1704 852 1733 carnis
882 1704 986 1741 placita
1011 1704 1106 1733 conii-

110 1741 215 1775 deret,
238 1740 325 1771 facile
350 1741 400 1770 fibi
423 1740 647 1778 imaginabitur,
667 1741 801 1772 homiues
827 1743 911 1777 illos,
937 1747 982 1781 qui
1014 1747 1106 1772 carnis

110 1792 203 1809 curam
229 1780 341 1809 faciunt
365 1784 393 1809 in
416 1783 551 1819 desideriis
575 1781 631 1810 suis
643 1802 652 1817 ,
671 1781 784 1818 (Rom.
802 1791 836 1820 13
863 1782 986 1818 >saltem
1005 1782 1034 1811 in
1050 1783 1108 1812 hoc

111 1819 220 1849 saeculo
230 1819 378 1849 feliciores
391 1820 444 1850 ess'e
454 1841 464 1854 ,
476 1821 624 1858 magisque
636 1829 793 1851 contentos
804 1832 836 1851 ac
857 1821 974 1858 quietos
988 1841 996 1855 ‚
1022 1822 1108 1859 quam

109 1859 293 1888 Amatoresi
312 1860 368 1888 llos
390 1859 495 1889 Crucis
517 1859 621 1889 Christi
634 1883 642 1894 ‚
655 1860 705 1898 qui
720 1860 829 1897 jugiter
854 1868 957 1890 contra
974 1869 1108 1891 naturam

107 1898 277 1932 luctantur,
303 1897 354 1935 qui
378 1899 585 1928 mortificantes
607 1899 637 1928 in
661 1900 816 1937 semetipfis
834 1901 961 1929 membra
983 1900 1031 1929 sua
1045 1920 1054 1935 ‚
1079 1900 1109 1930 δι

110 1939 287 1972 abnegantes
301 1937 444 1976 quidquid
461 1938 569 1968 arridet
589 1938 712 1968 sensibus
726 1959 734 1972 ‚
745 1939 912 1977 semetipsos
928 1939 1016 1968 vivos
1032 1949 1110 1977 quo-

108 1976 266 2006 dammodo
288 1978 406 2013 affigunt
432 1977 545 2012 Cruci,
567 1986 652 2015 atque
672 1978 711 2007 ita
736 1977 766 2007 in
789 1979 929 2008 continua
964 1980 1107 2008 malornm

109 2015 269 2045 tolerantia
283 2035 292 2049 ‚
305 2015 335 2045 in
360 2016 499 2051 patientia
514 2016 544 2046 in
566 2016 764 2052 cruciatibus,
787 2017 818 2047 in
831 2017 943 2047 tristitia
958 2018 1019 2048 dies
1039 2018 1110 2048 suos

114 2055 254 2085 videntur
273 2054 435 2093 transigere.

151 2093 226 2131 Quis
259 2094 357 2132 itaque
383 2104 442 2125 non
470 2094 609 2125 existimet
622 2115 632 2130 ‚
666 2094 836 2125 servitutem
863 2096 965 2126 mundi
996 2096 1110 2126 deliciis

113 2132 227 2170 plenam
248 2132 300 2162 effe
315 2143 323 2165 ς
340 2133 443 2163 Christi
458 2134 529 2163 vero
557 2136 664 2172 Jugum
684 2136 789 2164 durum
809 2134 862 2164 esse
885 2145 918 2165 ac
942 2136 1112 2166 hominiin-

112 2171 264 2200 tolerabile
282 2175 295 2200 ἒ
309 2172 349 2201 Et
371 2181 466 2203 tamen
478 2194 487 2208 ‚
506 2174 686 2204 Dilectissimi
697 2195 706 2210 ‚
723 2175 786 2213 Ipsa
796 2175 916 2205 Veritas
930 2177 959 2206 in
973 2176 1113 2214 Evange-

114 2209 157 2238 lio
181 2212 364 2249 exclamatz(
380 2213 478 2243 Matth
518 2215 587 2252 11.)
609 2218 725 2253 Iugum.
739 2235 748 2243 .
760 2235 767 2242 .

115 2258 185 2276 onus
206 2261 291 2279 meum
309 2253 392 2285 leve,.
409 2274 417 2281 .
432 2275 438 2281 .
464 2255 563 2282 Tollite
589 2258 685 2293 jugum
710 2265 795 2282 meum
813 2257 898 2292 super
925 2267 973 2283 ros
988 2275 998 2289 .,
1012 2277 1018 2284 .
1033 2277 1041 2284 .
1056 2276 1062 2283 .
1085 2264 1112 2283 ff

115 2291 262 2317 invenietis
282 2295 398 2327 requiem
413 2295 562 2321 animab‘us
581 2295 706 2332 παγῇ-1.(
725 2297 761 2321 Et
775 2304 865 2322 tamen
889 2297 983 2332 Clzristz'
1007 2297 1112 2333 ,Iugum

108 2329 196 2363 suave
214 2330 285 2364 est.)
303 2329 395 2366 Igitur
415 2339 466 2360 aut
484 2331 613 2361 Christus
632 2342 685 2362 nos
699 2332 773 2361 fallit
787 2337 800 2369 (
814 2335 895 2371 quod
910 2335 957 2362 vel
982 2334 1111 2369 cogitare

117 2365 212 2410 nefas.
226 2366 263 2394 est
278 2367 287 2401 )
301 2371 485 2399 autmundus
501 2372 529 2400 δε
543 2381 612 2402 caro
623 2372 676 2400 sub
687 2372 756 2400 falsa
776 2373 924 2402 bonorum
939 2372 1034 2411 specie
1058 2381 1112 2402 nos

116 2406 349 2450 de'ciptuntfn&
367 2409 437 2438 loco
461 2409 631 2439 deliciarum
649 2433 656 2444 ‚
678 2420 749 2448 quas
771 2412 914 2441 ostentant
933 2413 1113 2440 amatoribus

117 2444 197 2487 suis,
211 2450 381 2482 gravnnmas
395 2448 458 2485 ipsis
473 2457 636 2486 praeparant
650 2452 806 2488 compedes
824 2474 832 2485 ‚
847 2451 875 2480 ἃ
889 2453 918 2480 in
941 2451 1111 2480 durillimam

116 2483 285 2514 servitutem
310 2485 443 2522 redigunt
464 2486 550 2521 illos,
573 2490 679 2526 quibus
704 2490 831 2527 turpiter
852 2491 990 2519 illudunt.

132 2561 140 2567 θ
158 2522 201 2551 At
213 2522 344 2567 pre->seete
358 2524 528 2569 vei-illituum
540 2526 591 2555 effe
609 2529 665 2558 hoc
677 2528 783 2557 Christi
794 2529 911 2558 eli'atum
927 2528 1013 2558 facile
1027 2538 1113 2568 repe-

117 2569 195 2596 net,
217 2563 346 2606 quilquis
371 2563 578 2601 perspicaciori
604 2569 695 2596 oculo
720 2568 826 2597 fortem
849 2568 1056 2598 examinaverit
1076 2569 1114 2598 il-

116 2601 226 2644 lorum¹
240 2602 411 2645 hominum,
437 2602 487 2640 qui
502 2623 510 2638 ‚
532 2607 651 2635 terrenis
680 2606 800 2637 inescati
826 2607 940 2637 deliciis
954 2627 964 2642 ,
983 2608 1113 2645 requiem

118 2640 197 2670 suam
221 2650 249 2668 111
269 2649 305 2669 ns
330 2642 480 2679 repositam
500 2643 631 2680 judicant
645 2665 654 2679 ,
668 2653 754 2683 atque
767 2647 795 2676 in
820 2648 897 2676 hisce
919 2648 1055 2685 perituris
1067 2656 1115 2676 re-

118 2681 175 2710 bus
187 2700 195 2712 ‚
210 2680 338 2716 negleeia
352 2682 429 2718 Lege
441 2681 574 2716 Domini,
586 2684 764 2714 Felicitatem
774 2695 905 2723 quaerere
919 2687 1101 2716 contendunt
1111 2707 1118 2715 .

108 2742 109 2745 ,
141 2722 151 2753 (
168 2720 437 2762 Ostendam-salsius
452 2723 754 2760 mundanaef'elicitaris
767 2728 796 2753 in
811 2728 1022 2763 voluptatibus.)
1037 2725 1116 2755 Tota

118 2755 238 2789 Etenim
276 2761 421 2790 mundana
446 2759 572 2792 felicitas
593 2763 630 2792 ad
661 2762 717 2792 tria
741 2765 844 2797 reduci
870 2765 965 2805 potest
989 2765 1115 2804 objectu

781 2235 788 2242 .
805 2226 891 2243 meum
910 2217 998 2250 βαῖνε
1021 2218 1112 2254 est‚C‘
1135 2218 1141 2223 ”

2059 213 2164 276 137

1168 290 1272 323 scilicit
1287 292 1323 320 ad
1336 291 1504 330 voluptates
1517 312 1525 326 ‚
1545 292 1680 327 divitias,
1703 291 1732 322 &
1756 291 1895 322 honores.
1911 314 1919 321 .
1931 291 2089 323 ..Horum
2113 300 2166 321 au-

1168 332 1298 359 temlive
1324 330 1542 368 acquisitionem
1570 332 1700 368 species,
1721 332 1778 359 live
1803 331 2016 368 poffissionem,
2041 331 2168 369 reperies

1168 370 1231 398 haec
1254 369 1353 398 omnia
1376 369 1620 399 amaritudinibus
1653 369 1751 398 multis
1773 370 1826 398 elle
1852 371 2043 400 circumdata.
2081 369 2166 399 Nihil

1163 409 1221 446 jam
1235 409 1271 436 dc
1284 408 1395 437 illicitis
1408 408 1465 438 illis
1487 408 1691 447 voluptatibus
1712 409 1804 437 dicam
1817 428 1825 441 ‚
1841 417 1907 445 quie
1932 410 2079 438 hominem
2103 410 2166 438 bel-

1167 448 1225 476 luis
1250 447 1415 481 animum,
1443 448 1473 476 &
1496 447 1710 485 turpitudinem
1747 447 1823 475 suam
1846 456 1878 476 ac
1905 447 2078 485 multiplices
2114 457 2166 477 an-

1167 495 1254 523 gores
1278 487 1375 515 secum
1397 486 1504 516 ferunt.
1537 487 1632 524 Quam
1663 486 1745 514 multi
1760 487 1799 515 ob
1824 485 1883 514 vile
1903 487 2142 516 delectamentum
2157 507 2168 522 ,

1170 526 1249 563 quod
1264 533 1413 555 momento
1428 527 1524 555 transit
1538 545 1546 560 ‚
1561 525 1710 554 duritiimis
1735 525 1924 553 conscientia:
1951 525 2070 554 stimulis
2096 532 2163 555 toto

1169 566 1241 593 vitre
1273 572 1405 603 tempore
1427 564 1637 602 agitantur,&
1664 563 1913 601 concupiscentiae
1939 565 1997 593 sure
2023 564 2168 602 mancipi-i

1169 604 1264 632 effecti
1278 627 1287 639 ,
1309 604 1413 634 famam
1436 604 1465 633 &
1498 604 1649 633 fortunam
1676 603 1794 639 inglorii
1823 604 1973 641 perdunt,
1990 603 2050 631 imo
2076 605 2168 632 vitani

1168 643 1258 681 ipsam
1281 642 1438 672 infeliciter
1463 644 1587 672 finiunt!
1611 643 1669 672 Sed
1697 651 1750 671 nec
1777 641 1869 670 minus
1886 642 2001 672 fallaces
2025 642 2089 671 sunt
2103 643 2168 671 alite

1170 691 1364 720 quzecumque
1398 683 1499 711 mundi
1526 683 1718 720 voluptates;
1742 689 1935 719 praeterquam
1963 681 2061 715 enim,
2088 681 2168 718 quod

1169 730 1383 751 momentanea:
1399 721 1428 751 ἀ
1442 722 1511 759 ipsa:
1525 722 1576 750 lint
1588 730 1621 750 ae
1647 721 1767 758 fugaces
1780 740 1788 753 ,
1803 730 1888 757 quam
1913 721 1987 758 saepe
2011 720 2110 749 illusos
2134 721 2170 748 st-

1169 761 1329 791 mutatione
1345 771 1396 794 ,ac
1418 760 1567 790 duritiimis
1587 760 1701 797 legibus
1722 760 1867 795 subjectos
1894 760 1921 788 se
1946 761 2047 788 vident
2069 767 2170 788 earum

1170 799 1325 830 senatores
1340 802 1344 829 !
1361 801 1446 838 quam
1461 800 1536 838 saepe
1547 799 1636 829 falsos
1660 799 1735 828 inter
1749 798 1859 828 amicos
1883 799 2034 828 versantur
2048 800 2053 827 !
2083 799 2170 835 quam

1170 838 1340 876 frequenter
1361 840 1389 868 in
1412 839 1447 868 iis
1467 839 1564 873 locis,
1586 840 1640 868 ubi
1659 839 1694 867 ad
1720 839 1903 876 voluptatem
1917 839 2015 867 omnia
2031 837 2169 866 videntur

1171 879 1331 916 compolita
1342 899 1350 913 ,
1365 888 1401 907 ne
1415 880 1463 907 vel
1473 878 1590 907 minima
1603 878 1665 906 veri
1676 876 1775 915 gaudii
1788 877 1861 906 mica
1875 877 2025 906 invenitur
2043 878 2049 905 ἔ
2072 877 2169 915 Quam

1171 916 1339 954 frequenter
1353 919 1385 946 in
1410 917 1512 946 inediis
1537 917 1758 947 oblectamentis
1772 916 1851 945 intus
1865 916 1896 946 in
1909 917 1999 945 corde
2011 916 2100 945 latent
2116 915 2170 944 tri-

1171 955 1266 989 stitia,
1289 958 1415 994 gemitus
1431 977 1440 992 ‚
1463 966 1588 994 angores
1620 956 1732 985 invidia
1760 956 1883 992 aliteque
1915 955 2051 993 pastiones
2068 974 2076 988 ‚
2105 963 2174 992 quae

1171 998 1354 1033 tyrannidem
1368 997 1445 1025 suam
1460 996 1569 1025 ibidem
1585 1003 1719 1025 exercent
1733 1002 1888 1032 totumque
1900 994 1981 1023 illum
1995 993 2171 1030 gaudiorum

1171 1043 1341 1071 apparatum
1356 1035 1600 1064 amaritudinibus
1626 1035 1738 1072 replent
1754 1036 1759 1063 !
1779 1034 1868 1063 Ades),
1879 1042 1910 1063 ut
1923 1052 1932 1067 ,
1945 1033 1961 1061 ii
1976 1042 2045 1061 vera
2059 1034 2170 1063 vellent

1170 1074 1253 1110 loqui
1268 1075 1369 1103 mundi
1384 1082 1545 1109 amatores,
1558 1075 1718 1103 faterentur
1738 1073 1866 1109 ingenue
1879 1095 1886 1107 ‚
1902 1073 1928 1101 se
1943 1073 2049 1101 nullam
2065 1081 2099 1101 ex
2113 1072 2172 1101 illis

1171 1112 1389 1141 obleciamentis
1409 1113 1537 1150 quietem
1560 1112 1694 1151 sperare,
1715 1113 1762 1141 sed
1782 1112 1811 1141 in
1836 1120 1938 1141 eorum
1961 1113 2088 1140 tumultu
2110 1112 2169 1141 hoc

1170 1150 1291 1179 unicum
1316 1160 1450 1189 quaerere
1466 1173 1474 1185 ‚
1490 1160 1520 1180 ut
1544 1152 1674 1181 sauciato
1690 1151 1780 1180 variis
1792 1152 1950 1188 angoribus
1962 1150 2057 1179 animo
2072 1151 2173 1180 tantil-

1169 1191 1226 1218 lam
1239 1198 1400 1228 procurent
1413 1189 1626 1220 distraffionem
1642 1202 1649 1220 ;
1663 1191 1692 1220 ἃ
1704 1190 1771 1218 ideo
1784 1198 1943 1227 numquam
1968 1189 2059 1218 satiati
2073 1210 2082 1224 ‚
2106 1189 2171 1227 post

1147 1242 1151 1247 ·
1172 1238 1259 1257 unam
1286 1231 1468 1268 voluptatem
1493 1232 1529 1259 ad
1549 1230 1631 1259 aliam
1659 1229 1824 1263 transeunt,
1847 1229 1947 1258 rursus
1970 1229 2026 1257 sine
2051 1229 2175 1263 fructu,

1174 1267 1268 1306 priori
1287 1268 1487 1297 succell'uram.
1527 1269 1628 1307 Atque
1651 1269 1733 1304 hacc,
1754 1268 1826 1298 milti
1846 1267 1974 1302 crediti,
1995 1268 2120 1305 genuina
2135 1267 2175 1298 est

1174 1308 1391 1337 mundanorum
1411 1308 1591 1345 gaudiorum
1614 1308 1723 1345 imago.

1214 1346 1294 1384 Quid
1318 1347 1378 1383 jam
1401 1350 1436 1377 de
1459 1347 1571 1376 divitiis
1596 1347 1938 1386 dicam?.20inas(11uc.
1951 1346 2062 1381 8.)eas
2082 1353 2175 1378 vocat

1174 1383 1300 1415 AEterna
1328 1386 1470 1421 Veritas,
1490 1387 1520 1416 ἃ
1546 1387 1668 1418 merito:
1695 1394 1830 1426 pungunt
1861 1386 1936 1415 enim
1962 1385 2062 1424 potius
2087 1387 2175 1423 qua-m

1175 1424 1317 1454 delectent
1349 1427 1474 1464 Qauntae
1498 1436 1554 1464 pro
1568 1426 1604 1456 iis
1615 1427 1788 1463 colligendis
1801 1434 1880 1455 curte
1890 1448 1898 1459 ,
1911 1425 2013 1463 quanti
2035 1426 2151 1454 labores
2164 1445 2174 1459 ‚

1173 1472 1291 1500 qnantae
1316 1464 1427 1501 vigilite
1453 1465 1483 1494 ἃ
1511 1466 1673 1495 anxietates
1702 1466 1893 1504 praecedunt!
1926 1472 2033 1503 quanta
2057 1474 2111 1502 pro
2135 1464 2174 1494 iis

1175 1503 1385 1533 conservandis
1407 1504 1566 1533 intervenit
1590 1505 1760 1534 sollicitudo
1779 1507 1784 1534 !
1809 1506 1893 1533 Nihil
1913 1508 1948 1543 est
1967 1507 2091 1540 iniquius
2105 1523 2113 1538 ‚
2126 1505 2173 1532 in-

1175 1541 1238 1579 quit
1262 1542 1413 1581 Scriptura
1433 1543 1555 1581 (Eccli.
1585 1547 1655 1580 10.)
1680 1547 1763 1580 quam
1791 1555 1883 1571 amare
1907 1547 2054 1580 pet-uniam
2077 1563 2085 1577 ,
2103 1543 2174 1580 quia

1174 1581 1226 1618 qui
1246 1582 1386 1611 thesauris
1405 1583 1462 1611 suis
1483 1583 1567 1612 semel
1591 1592 1644 1612 cor
1664 1583 1799 1621 apposuit
1813 1602 1823 1616 ‚
1843 1583 1899 1619 jam
1923 1583 1957 1611 ad
1979 1581 2091 1619 qumvis
2110 1583 2174 1611 sce·

1174 1621 1233 1648 lera
1257 1631 1311 1658 pro
1333 1622 1368 1650 iis
1397 1623 1536 1658 augendis
1559 1623 1589 1651 fit
1613 1621 1865 1660 pronus:deinde
1890 1622 2069 1659 poll'ess'orem
2095 1620 2174 1650 divi-

1175 1660 1281 1689 riarum
1301 1669 1363 1689 non
1382 1660 1447 1689 raro
1473 1661 1603 1690 dii-illisne
1621 1669 1739 1698 torquet
1753 1660 1924 1690 divitiarum
1946 1661 2053 1690 vermis
2071 1660 2174 1698 super-

1174 1700 1240 1728 bia:
1272 1699 1330 1728 imo
1351 1700 1522 1738 plerumque
1543 1700 1573 1730 &
1590 1700 1712 1730 avaritia
1736 1700 1835 1738 (quia
1860 1700 1933 1728 nihil
1959 1700 2099 1736 abjeetius
2122 1707 2173 1729 aut

1175 1737 1323 1768 infelicius
1338 1742 1352 1775 )
1369 1739 1515 1769 hominem
1528 1740 1609 1769 istum
1621 1739 1813 1779 pecuniarum
1827 1738 1942 1768 suarum
1966 1740 2082 1768 servum
2104 1738 2172 1768 facit

1177 1777 1207 1806 ἃ
1226 1777 1330 1816 inipso
1345 1779 1534 1808 abundantiae
1550 1780 1610 1809 sinn
1623 1800 1631 1812 ‚
1647 1780 1780 1808 omnium
1796 1778 1964 1808 mortalium
1979 1777 2170 1807 miserrimum

1176 1816 1207 1845 ἃ
1231 1818 1301 1846 vere
1324 1817 1544 1856 pauperrimum
1579 1818 1683 1847 reddit.
1928 1840 1931 1841 γ

1215 1858 1275 1891 (ln
1301 1859 1472 1892 honoribus)
1495 1858 1526 1887 Si
1550 1859 1586 1887 de
1608 1856 1720 1887 divitiis
1745 1858 1780 1886 ad
1812 1857 1940 1886 honores
1961 1865 2176 1895 properemus,

1177 1896 1306 1924 eamdem
1321 1917 1331 1931 ‚
1353 1896 1410 1925 imo
1433 1898 1570 1934 majorem
1599 1898 1647 1926 liic
1680 1900 1839 1935 reperimus
1860 1896 1996 1925 vanitatis
2021 1897 2173 1925 umbram:

1177 1935 1330 1972 multiplex
1348 1935 1424 1964 enim
1440 1936 1469 1965 ἃ
1490 1936 1614 1966 difficilis
1634 1935 1670 1964 est
1682 1937 1767 1965 labor
1780 1956 1788 1969 ‚
1805 1935 1863 1974 quo
1888 1936 1924 1964 ad
1951 1936 2081 1964 honores
2098 1944 2173 1964 con-

1176 1974 1349 2006 scenditur3
1375 1975 1543 2012 periculoso
1572 1977 1702 2005 versatur
1733 1976 1826 2009 loco,
1851 1975 1901 2012 qui
1927 1974 1957 2003 in
1990 1974 2104 2003 sublimi
2135 1975 2174 2003 eli:

1176 2014 1285 2050 politus
1302 2023 1309 2045 ;
1335 2013 1429 2052 eoque
1445 2018 1532 2052 magis
1554 2023 1632 2053 patet
1654 2015 1776 2043 invidite
1792 2022 1886 2052 ‚patet
1907 2013 2094 2042 inimicorum
2109 2014 2175 2044 telis

1178 2051 1238 2089 quo
1257 2053 1341 2082 altius
1360 2054 1426 2091 quis
1450 2054 1535 2092 supra
1559 2055 1632 2084 alios
1657 2054 1784 2083 effertur.
1811 2053 1950 2083 Crescunt
1974 2062 2041 2081 cum
2075 2053 2175 2083 hono·

1180 2091 1260 2120 ribus
1290 2101 1392 2127 cutte,
1423 2097 1555 2123 crelcunt
1581 2092 1793 2123 sollicitudines
1819 2092 1847 2121 ἃ
1871 2092 2023 2129 angustiae,
2051 2101 2116 2128 quie
2138 2093 2175 2121 ad

1179 2131 1272 2169 ipsum
1296 2132 1382 2161 etiam
1407 2132 1532 2170 Regium
1558 2132 1716 2162 Tlironum
1740 2139 1908 2170 penetrant,
1934 2131 1963 2160 &
1993 2131 2175 2162 Diadematis

1181 2171 1300 2209 pondus
1322 2173 1467 2209 adaugent
1501 2172 1538 2202 Et
1560 2173 1632 2210 quid
1654 2173 1768 2201 demum
1784 2170 1941 2200 honorille
1963 2170 2021 2205 cst,
2046 2170 2102 2199 nisi
2125 2169 2175 2200 fu-

1181 2220 1245 2239 mus
1264 2212 1382 2248 quidam
1396 2234 1404 2246 ,
1427 2211 1476 2240 cni
1495 2211 1655 2241 libertatem
1671 2211 1699 2240 ἃ
1719 2212 1846 2248 quietem
1871 2209 1900 2240 ἃ
1919 2211 2073 2240 commoda
2092 2219 2175 2248 qute-

1181 2250 1226 2279 vis
1250 2259 1309 2279 non
1337 2251 1402 2280 raro
1419 2251 1568 2280 consecrat
1589 2251 1741 2280 hominum
1763 2249 1907 2278 ambitio?

1218 2289 1415 2328 Qudcumqne
1428 2290 1517 2327 igitur
1531 2291 1621 2319 modo
1641 2291 1703 2319 liaec
1722 2288 1820 2319 omnia
1835 2288 1998 2319 confideres
2012 2307 2022 2321 ‚
2041 2288 2177 2319 invenies

1181 2329 1292 2366 ubique
1305 2330 1463 2359 vanitatem
1477 2329 1506 2359 ἃ·
1518 2329 1703 2358 ailliciionem
1715 2329 1830 2367 spiritns
1847 2339 1855 2361 ς
1881 2327 1961 2365 quod
1979 2327 2007 2355 δε
2022 2326 2081 2366 ipse
2091 2329 2176 2357 testa-

1181 2375 1228 2396 tus
1240 2368 1276 2396 est
1289 2368 1428 2398 Salomon
1443 2389 1452 2403 ‚
1469 2369 1589 2405 (Eccle.
1605 2376 1628 2396 2.
1648 2370 1658 2404 )
1679 2369 1830 2406 postquam
1845 2376 1877 2395 ea
1892 2366 1991 2396 omnia
2006 2386 2015 2400 ‚
2041 2376 2107 2405 quae
2120 2368 2176 2396 im·-

1181 2407 1284 2435 mens-te
1298 2408 1360 2443 ejus
1376 2417 1446 2446 opes
1458 2431 1466 2442 ,
1483 2408 1512 2437 ἅ
1524 2407 1735 2444 magnificentia
1747 2406 1839 2443 Regia
1850 2426 1858 2439 ,
1873 2405 1902 2435 &
1917 2405 2060 2443 quidquid
2078 2407 2176 2437 delec-

1180 2446 1268 2474 tabile
1283 2446 1387 2476 offerre
1399 2447 1492 2484 potest
1507 2448 1644 2485 voluptas
1657 2466 1666 2480 ‚
1677 2456 1729 2484 per
1743 2454 1836 2474 annos
1845 2445 1987 2483 plurimos
2001 2445 2179 2482 degustalset.

1181 2485 1267 2515 Nihil
1281 2486 1390 2524 quippe
1404 2487 1433 2516 in
1448 2487 1616 2516 transitoriis
1629 2485 1686 2514 illis
1700 2488 1786 2514 rebus
1799 2484 1949 2513 invenitur
1965 2504 1974 2518 ‚
1988 2486 2068 2522 qnod
2089 2485 2177 2524 plene

1182 2525 1262 2563 pollit
1285 2525 1413 2554 animum
1425 2526 1551 2556 hominis
1566 2525 1699 2563 satiare(
1726 2529 1824 2553 Omnis
1833 2526 1919 2562 paffio
1934 2526 2039 2562 semper
2051 2530 2176 2563 inquieta

1182 2567 1225 2603 eft.
1240 2564 1300 2599 >Et
1314 2565 1384 2603 quid
1398 2566 1468 2596 dico
1483 2577 1489 2595 :
1509 2566 1611 2594 satiare
1623 2568 1635 2592 ?
1652 2565 1709 2593 hoc
1721 2563 1830 2602 quippe
1844 2564 1937 2592 solum
1950 2565 2036 2594 eflicit
2048 2573 2177 2594 terrena·

1183 2612 1247 2633 rum
1275 2613 1371 2634 rerum
1386 2605 1515 2642 poss'etiio
1530 2628 1537 2639 ,
1560 2613 1592 2634 ut
1608 2613 1673 2633 cum
1691 2603 1750 2642 ipra
1763 2602 1871 2633 crescat
1895 2603 2053 2640 pmiitiendi
2068 2605 2178 2633 deside-

1185 2642 1284 2674 rium;
1308 2653 1466 2681 numquam
1488 2644 1563 2673 enim
1578 2643 1648 2672 dicit
1672 2645 1827 2680 voluptaSt
1850 2645 1927 2671 Saus
1940 2647 1997 2682 efl;
2019 2652 2177 2681 numquam

1186 2683 1318 2721 expletur
1332 2683 1456 2712 avaritia
1469 2704 1478 2717 ‚
1491 2691 1649 2720 numquam
1663 2683 1784 2712 ambitio
1797 2694 1804 2710 .-
1818 2681 1877 2711 imo
1892 2682 1938 2711 vel
1951 2684 2070 2712 unicum
2086 2683 2180 2712 alicu-

1182 2721 1231 2759 jus
1243 2721 1302 2756 rei,
1315 2732 1399 2760 quam
1413 2723 1478 2759 quis
1489 2723 1619 2760 appetit,
1633 2721 1803 2750 deliderium
1814 2742 1823 2756 ,
1834 2722 2002 2751 excruciare
2016 2723 2106 2760 potest
2116 2722 2179 2751 ani·

1186 2770 1264 2791 mum
1279 2761 1365 2800 ipnus
1377 2782 1386 2796 ‚
1409 2761 1439 2792 δι
1450 2762 1601 2802 inlipidam
1614 2761 1735 2791 reddere
1748 2768 1840 2791 totam
1854 2762 1917 2799 ejus
1930 2762 2100 2800 praeteiil'am
2114 2760 2181 2793 teli·

1318 2805 1366 2838 Ii
